3192 5024
723 345 936 412 ..50...

576 545 605 608 3.
629 544 672 607 de
697 543 897 608 vocabulis
923 543 1082 629 graecis.

333 667 560 732 Probatissimi
572 667 792 732 Romanorum
808 669 980 751 scriptores
995 690 1189 752 quamquam
1205 668 1238 731 id
1250 669 1287 732 in
1302 670 1417 751 primis

244 771 394 848 egerunt,
432 772 468 829 nt
504 767 631 829 reiectis
669 765 833 830 vocabulis
870 765 1050 848 peregrinis
1082 787 1161 848 pure
1200 767 1418 849 loquerentur,

242 863 404 926 tamenin
424 867 518 926 tanta
537 885 608 927 cum
628 861 758 925 Graccis
779 863 1004 926 coniunctione
1023 863 1091 925 fieri
1111 883 1175 925 non
1196 865 1309 946 potuit,
1329 865 1418 948 quin,

243 983 315 1024 cum
349 982 494 1023 sermone
528 961 664 1023 remisso
693 981 872 1044 parumque
905 963 1054 1023 accurato
1087 962 1267 1044 uterentur,
1302 982 1418 1045 graeca

243 1057 400 1120 vocabula
419 1057 452 1119 in
472 1079 566 1121 usum
587 1079 679 1119 suum
698 1058 886 1141 reciperent.
914 1055 1024 1137 itaque
1044 1056 1165 1119 factum
1185 1061 1243 1137 est,
1261 1065 1298 1122 ut
1317 1061 1418 1124 etiam

245 1153 366 1237 Cicero,
389 1176 460 1217 cum
486 1155 525 1216 ad
549 1175 731 1217 sermonem
755 1155 949 1218 familiarem
974 1151 1189 1236 descenderet,
1212 1155 1246 1217 in
1270 1155 1416 1238 epistulis

243 1249 283 1313 ad
300 1251 442 1313 Atticum
459 1252 551 1334 datis,
565 1251 651 1314 haud
670 1272 743 1314 raro
758 1252 916 1315 vocabula
931 1271 1046 1333 graeca
1061 1255 1116 1312 aut
1134 1251 1205 1333 ipsa
1224 1252 1417 1318 admisceret

242 1347 382 1412 orationi
402 1352 458 1411 aut
473 1349 507 1410 in
522 1369 701 1412 sermonem
717 1349 855 1412 latinum
870 1348 1063 1412 transferret
1077 1346 1148 1429 (cfr.
1163 1371 1249 1413 nunc
1265 1349 1415 1432 Meyer'us

241 1446 260 1506 l.
276 1445 295 1510 l.
312 1467 341 1526 p.
361 1443 403 1509 56
419 1444 483 1528 ss).
520 1467 621 1528 neque
637 1446 730 1508 aliter
740 1443 1098 1529 Caelius,'quamquam
1118 1443 1179 1506 hoc
1194 1446 1299 1510 rarius
1319 1448 1412 1527 facit3

242 1564 345 1624 neque
376 1543 461 1604 enim
490 1543 551 1605 huc
578 1542 745 1606 referenda
776 1547 852 1606 sunt
880 1540 1036 1606 vocabula
1064 1563 1115 1622 ea,
1143 1562 1225 1624 quae
1255 1548 1312 1607 aut
1335 1547 1415 1609 satis

242 1643 306 1702 iam
330 1640 409 1702 trita
433 1643 525 1701 erant
549 1645 618 1722 aut,
647 1660 710 1723 quo
734 1646 880 1724 tempore
905 1639 1043 1703 Romani
1067 1660 1140 1701 cum
1165 1637 1296 1704 Graecis
1317 1643 1415 1708 Asiae

241 1736 420 1799 colentibus
440 1737 473 1799 in
496 1738 699 1820 negotiorum
724 1740 916 1801 commercia
935 1738 1101 1815 venerunt,
1120 1737 1150 1798 in
1173 1759 1266 1800 usum
1285 1749 1416 1826 recepta

241 1837 328 1913 sunt,
349 1834 437 1896 velut
461 1840 609 1911 moccbas,
633 1856 755 1911 scaena,
779 1843 946 1912 siranpala
971 1839 1149 1914 spnprapba
1173 1829 1311 1920 (dehac
1335 1859 1413 1900 voce

176 1993 178 1998 .
240 1932 297 1996 cfr.
315 1930 489 2014 Naegelsb.
514 1932 531 1995 l.
552 1933 571 1996 l.
592 1955 620 2013 p.
643 1933 680 1994 17
706 1936 738 1994 et
753 1931 789 1996 Ο.
809 1930 951 1995 Weisins
971 1928 1011 1992 ‘d
1027 1929 1146 2013 griech.
1165 1928 1347 1996 Lehnwbrt.
1367 1935 1410 1998 im

239 2026 331 2108 Lat',
354 2025 440 2108 Lips.
457 2015 551 2109 1888,
570 2051 600 2110 p.
616 2027 703 2110 265).
742 2029 797 2091 sed
823 2030 947 2112 graecis
971 2027 1136 2091 vocabulis
1160 2029 1262 2093 utitur
1285 2029 1414 2095 (laelius

242 2126 305 2188 his:
329 2124 409 2188 VIII
428 2126 457 2205 3,
477 2125 497 2188 3
521 2131 646 2202 aliquod
668 2131 711 2188 ad
733 2147 786 2188 nos
885 2121 1058 2206 σύνταγμα
1082 2132 1259 2190 conscribas
1282 2133 1315 2191 et
1337 2129 1413 2193 ibid.

240 2227 322 2298 qaod
345 2231 374 2284 et
396 2227 439 2283 ad
460 2242 514 2284 nos
534 2229 690 2300 pertineat
712 2233 741 2285 ct
765 2223 984 2286 διδασκαλίαν
1008 2229 1161 2300 quandam
1185 2229 1313 2300 babeat;
1335 2227 1414 2290 item

241 2317 361 2396 Cicero,
386 2341 456 2382 cum
481 2318 519 2381 de
544 2318 660 2382 litteris
685 2342 790 2384 sermo
815 2321 941 2402 incidit,
966 2341 1081 2404 graeca
1105 2320 1296 2406 interponit,
1325 2324 1413 2387 velut

239 2412 410 2498 σύνταγμα
426 2417 465 2479 ad
483 2417 550 2480 Att.
564 2415 628 2479 XII
642 2415 694 2499 45,
712 2419 739 2500 1,
757 2417 835 2481 XVI
853 2419 881 2499 3,
898 2419 926 2502 1,
941 2412 1133 2500 ὑπόμνημα,
1156 2413 1319 2500 σύνταξις,
1340 2421 1413 2484 alia.

324 2521 468 2593 politicas
491 2513 571 2577 VIII
591 2515 608 2578 1
630 2519 707 2578 extr.
728 2522 774 2578 tni
788 2523 907 2595 politici
928 2521 1002 2579 libri
1019 2520 1155 2579 omnibns
1174 2523 1290 2594 capena
1314 2521 1412 2581 semel

240 2612 301 2675 hoc
326 2611 482 2674 adiectivo
506 2613 609 2674 utitur
629 2609 749 2694 Cicero,
774 2614 827 2676 sed
852 2613 899 2677 ita
922 2618 958 2676 ut
981 2613 1145 2676 excusatio
1169 2615 1197 2677 ei
1221 2618 1335 2698 parata
1359 2615 1411 2702 sit,

238 2707 276 2771 de
301 2706 602 2791 01·at.11128,109
627 2716 746 2787 politici
769 2715 941 2788 philosophi
968 2731 986 2772 a
1014 2714 1140 2773 Graecis
1169 2719 1325 2796 appellati,
1356 2714 1413 2779 cfr.

238 2803 410 2896 Naegelsb.
433 2805 452 2866 l.
472 2806 541 2886 lp.
560 2805 616 2888 223
640 2810 807 2887 praeterea
825 2828 890 2870 non
914 2807 1076 2869 invenitur
1099 2807 1162 2870 nisi
1182 2809 1264 2890 apud
1283 2809 1409 2874 Macro-

238 2901 325 2964 bium
351 2906 521 2965 comment.
544 2901 579 2964 in
603 2923 703 2965 somn.
729 2901 812 2986 Scip.
830 2902 847 2967 I
866 2904 895 2985 8,
914 2902 935 2966 5
955 2909 1101 2981 politicae
1124 2910 1258 2968 virtutes.

326 2998 483 3063 Graccum
522 3000 714 3063 vocabulum
752 3002 833 3063 latet
871 3001 930 3062 sub
967 2999 1066 3063 verbo
1104 3006 1252 3083 corrupte
1290 3003 1411 3069 tradito

237 3103 471 3161 embaeneticam
500 3096 581 3160 VIII
602 3097 671 3179 1,4
701 3118 756 3176 epo
780 3105 833 3176 qai
858 3104 967 3161 scirem
1001 3101 1033 3171 Q.
1059 3101 1230 3176 Pompeiam
1259 3102 1411 3185 Baalis†

236 3200 470 3258 embaeneticam
500 3195 625 3272 facerem
658 3195 742 3277 qnod
776 3200 812 3258 ut
840 3194 1047 3258 restituerent
1080 3193 1135 3256 alii
1164 3195 1228 3258 alia
1257 3199 1412 3280 suspicati

236 3296 320 3355 sunt.
355 3291 522 3356 Turnebus
541 3293 677 3356 coniecit
695 3299 910 3370 empeneticam
936 3293 956 3355 i.
976 3313 1001 3354 e.
1017 3289 1249 3375 ἐμπεινητικήν
1269 3318 1288 3357 a
1309 3297 1409 3362 verbo

236 3387 443 3472 *tparanete
476 3388 584 3474 (valde
608 3387 729 3474 esurio)
763 3390 908 3471 ductum,
943 3388 1080 3451 eundem
1112 3389 1178 3453 fere
1215 3391 1247 3453 in
1279 3394 1409 3459 modum

235 3485 383 3550 Klotzius
416 3493 586 3564 peneticam
626 3480 848 3570 (πεινητικήν)
888 3507 929 3549 sc.
963 3489 1074 3566 artem,
1107 3488 1190 3570 quod
1228 3489 1275 3552 ita
1312 3491 1409 3554 inter-

236 3586 381 3665 pretatur
391 3581 533 3665 Georges
549 3603 572 3645 s.
584 3604 613 3646 v.
626 3580 709 3646 ‘eine
720 3582 917 3665 Hungerkur
931 3583 1143 3664 gebrauchcn,
1158 3585 1229 3648 aufs
1242 3585 1408 3651 'Prockene

235 3683 358 3762 gesetzt
382 3677 471 3761 sein'3
496 3680 591 3763 longe
615 3679 709 3744 aliter
733 3679 919 3744 Schuctaius
943 3680 1062 3745 collato
1087 3681 1156 3745 loco
1181 3683 1220 3745 ad
1240 3683 1308 3747 Att.
1327 3684 1409 3749 XIII

234 3778 324 3860 581
351 3775 552 3841 scribendum
581 3783 690 3840 censet
718 3786 874 3842 emeticam
899 3773 1088 3863 (ἐμετικήν).
1128 3801 1234 3842 verum
1260 3784 1407 3846 emenda-

234 3876 355 3938 tionem
378 3874 440 3937 viri
464 3872 549 3937 docti
573 3873 716 3937 nondum
742 3875 884 3940 adsecuti
908 3874 987 3938 mihi
1010 3873 1166 3940 videntur.
1226 3887 1228 3891 '

606 4071 636 4133 4.
664 4068 707 4132 de
730 4069 1034 4152 pronominibus.

323 4191 506 4256 Pronomen
531 4200 598 4256 istic
618 4193 831 4278 adverbiaque
856 4195 953 4258 abeo
979 4193 1123 4259 derivata
1142 4219 1213 4261 cum
1234 4198 1266 4262 in
1291 4200 1404 4281 primis

232 4290 395 4371 viguerint
414 4290 445 4352 in
467 4312 613 4353 sermone
632 4290 785 4355 familiari
804 4289 875 4378 (cfr.
896 4291 1074 4356 Kochlerus
1094 4297 1154 4355 act.
1174 4317 1248 4357 sem.
1269 4296 1405 4380 Erlang.

230 4385 246 4448 I
266 4408 295 4468 p.
314 4386 403 4470 414),
427 4388 511 4450 haud
532 4389 641 4468 paucis
661 4388 740 4450 locis
759 4393 894 4471 usurpat
912 4387 1054 4452 Caelius:
1079 4395 1156 4451 istac
1175 4385 1307 4473 (neptr.)
1326 4391 1405 4456 VIII
