3192 5024
756 341 974 408 ,46,..

277 503 464 572 offensionis
498 511 561 588 est,
594 505 678 590 quod
712 503 841 569 Caclius
871 504 952 568 dixit
979 503 1061 570 VIII
1082 505 1177 590 17,2
1213 511 1310 571 nostri
1343 507 1443 568 vaide
1552 535 1553 540 ¹

277 613 492 686 depnpnare
524 617 553 670 et
581 607 677 684 facile
709 612 815 683 alpere
844 615 874 667 et
905 611 1024 668 esurire
1053 615 1251 682 consuerant,
1284 625 1347 688 quo
1374 604 1441 666 loco
1541 627 1545 632 ·

276 703 413 769 Bootius
442 702 578 768 ‘obsera
607 703 677 766 crit.
706 702 746 766 ad
770 701 812 767 M.
836 700 917 765 Tull.
941 699 1005 766 Oic.
1029 700 1122 786 epp.-',
1148 702 1323 766 Amstelod.
1354 699 1443 784 1880,
1546 729 1554 764 i

276 825 305 887 p.
328 803 367 865 19
399 808 488 866 valde
513 823 657 882 pappare
685 800 782 864 scribi
804 800 943 885 mavult;
971 821 1045 864 nam
1073 807 1264 880 depnpnare,
1293 805 1329 863 ut
1351 819 1442 881 saepe
1553 831 1554 842 .

278 901 318 963 ab
347 900 532 964 auctoribus
566 898 638 962 bell.
669 897 761 981 Hisp.
785 903 818 962 et
846 897 944 962 Afric.
973 895 1043 982 (cfr.
1072 897 1253 962 Kcehlerus
1283 900 1342 961 aet.
1371 919 1442 960 sem.

277 997 411 1082 Erlang.
431 996 447 1061 I
462 1021 492 1082 p.
508 997 574 1062 385
594 1000 626 1060 et
649 995 872 1060 Frcehlichiur
888 993 927 1058 ‘d
942 995 1017 1058 bell.
1032 994 1131 1059 Afric.
1148 995 1285 1079 sprachl.
1300 1016 1329 1058 u.
1350 992 1443 1057 sachi,
1552 1027 1553 1032 .

279 1094 437 1178 behand.'‚
466 1095 540 1159 diss.
565 1095 670 1159 Turio.
695 1093 794 1177 1872,
817 1089 939 1180 1121),
966 1093 1012 1157 sie
1040 1093 1136 1156 etiam
1160 1091 1214 1156 hic
1236 1093 1283 1155 ita
1306 1091 1443 1175 positum
1553 1123 1554 1128 .

281 1197 340 1276 est,
363 1193 445 1256 nihil
470 1196 506 1255 ut
529 1192 656 1256 differat
680 1214 697 1255 u
722 1191 862 1275 simplici
884 1191 983 1255 verbo
1004 1196 1173 1270 papnandi.

617 1408 654 1462 B.
685 1406 736 1461 De
759 1403 900 1473 singulis
922 1403 1110 1460 vocabulis.

669 1522 696 1585 1.
720 1521 763 1584 de
787 1519 1057 1584 substantivis.

365 1644 548 1714 confidentia
572 1633 655 1700 VIII
674 1636 743 1718 8‚9
774 1643 840 1713 illa,
868 1657 947 1713 qnae
975 1643 1105 1700 maxime
1133 1643 1348 1712 confidentiam
1371 1647 1444 1700 atta·

276 1743 378 1799 lerunt
408 1741 594 1810 nominatam
630 1735 774 1798 anticum
810 1756 905 1798 usum
942 1733 1061 1798 retinet
1095 1732 1236 1816 Caelius,
1270 1755 1346 1798 nam
1377 1755 1443 1797 eon·
1552 1747 1554 1751 ’

273 1838 403 1908 fidentia
433 1855 452 1895 a
483 1833 598 1915 priscis
631 1835 760 1896 tantum
794 1831 1006 1915 scriptoribus
1034 1830 1147 1896 eodem
1175 1833 1272 1896 modo
1306 1854 1369 1916 quo
1396 1831 1445 1894 hic
1555 1833 1556 1836 ’

277 1929 422 2013 ponitur,
446 1935 482 1994 ut
506 1930 665 2013 significet
695 1929 809 1996 ‘festes
834 1928 1039 2013 Vertraueu'3
1068 1929 1107 1994 cf.
1131 1927 1235 1993 Plaut.
1258 1928 1356 1996 Most.
1374 1929 1445 2012 350,

276 2026 366 2089 Asin.
387 2026 461 2108 547,
480 2025 549 2090 Mil.
569 2027 611 2112 gl.
630 2027 695 2091 228
720 2033 947 2103 (confidentiast
966 2057 1007 2080 =
1027 2031 1160 2102 confido)
1185 2031 1218 2090 et
1240 2026 1312 2090 vide
1332 2026 1444 2110 Georg.
1548 2043 1554 2050 ”

275 2129 308 2186 et
343 2124 512 2187 Antibarb.
544 2145 568 2187 s.
599 2147 641 2206 ι,
679 2125 764 2207 apud
796 2123 983 2188 Ciceronem
992 2123 1016 2208 ¹)
1052 2128 1084 2188 et
1128 2128 1277 2207 posteros
1320 2145 1441 2208 semper

273 2220 373 2285 habet
391 2221 664 2304 vituperationem
688 2221 913 2307 significatque
932 2219 1112 2303 ‘Keckheit
1131 2220 1367 2306 Dreistigkeit',
1390 2222 1444 2287 cfr.
1548 2241 1557 2318 ‘¹

276 2340 356 2402 quae
381 2316 493 2383 Cicero
513 2319 593 2383 dicit
616 2319 654 2383 de
673 2319 832 2384 adieetivc
852 2325 1006 2395 confidens
1025 2318 1119 2382 Tusa.
1138 2316 1190 2381 ΙΙΙ
1210 2319 1252 2383 14
1275 2328 1330 2398 pai
1348 2324 1444 2399 fortis,
1556 2339 1557 2346 ¹

276 2423 354 2481 idem
373 2427 417 2481 eat
432 2420 569 2496 sidens,
588 2425 731 2496 qnoniam
755 2419 951 2495 considens
969 2424 1050 2480 mala
1069 2423 1288 2481 consuetudine
1307 2423 1446 2497 loquendi

275 2522 306 2578 in
329 2523 401 2579 nitio
421 2523 556 2594 ponitur.

367 2621 538 2692 expectatio
560 2635 692 2695 prorsus
712 2612 888 2676 insolenter
906 2613 1032 2696 dicitur,
1055 2614 1082 2676 si
1101 2614 1179 2678 fides
1203 2613 1317 2678 haberi
1341 2617 1447 2696 potest
1557 2605 1558 2612 ἵ

276 2708 380 2792 libris,
403 2731 463 2792 pro
483 2716 676 2774 cunctatione
695 2708 778 2773 VIII
793 2710 823 2792 9,
844 2710 860 2772 1
883 2708 1029 2796 (Hirrus)
1048 2719 1287 2790 expectationem
1310 2718 1445 2791 corripit,
1557 2705 1558 2760 ἶ

276 2807 361 2890 quod
376 2807 424 2871 ita
438 2807 695 2891 interpretantur
709 2803 842 2870 Hirrum
857 2808 1052 2890 corripuIsse
1070 2809 1299 2873 nonnullorum
1320 2813 1445 2874 cuncta·

276 2905 398 2969 tionem
413 2903 534 2970 Gallias
550 2904 681 2970 Caesari
697 2904 886 2969 detrahendi
901 2902 971 2990 (cfr.
987 2906 1240 2990 Wesenbergius
1256 2908 1378 2973 emend.
1393 2910 1445 2972 alt.

274 3026 304 3086 p.
324 3004 394 3086 21);
419 3004 475 3067 sed
503 3025 569 3068 non
598 3004 667 3068 sine
696 3025 793 3068 causa
820 3001 983 3087 Madvigio
1012 3003 1133 3069 advers.
1162 3004 1231 3069 crit.
1254 3004 1304 3068 III
1327 3028 1358 3089 p.
1385 3006 1446 3070 160
1527 2987 1558 3057 ἦ

274 3101 374 3165 verba
388 3105 540 3186 corrupta
554 3100 712 3183 videntur,
728 3123 922 3186 quamquam
937 3100 1021 3184 quod
1031 3101 1080 3163 vir
1095 3100 1323 3185 sagacissimus
1334 3103 1446 3187 reponi

274 3199 346 3263 vult
369 3206 580 3279 expectatione
603 3206 733 3279 corripit
759 3204 928 3279 Curionem,
951 3202 1013 3265 hoc
1037 3199 1243 3263 artificiosius
1267 3204 1326 3285 est,
1350 3223 1446 3285 quam
1556 3197 1558 3200 ’

275 3300 312 3360 ut
335 3319 354 3360 a
378 3296 487 3362 Caelio
513 3298 668 3380 scriptum
692 3301 812 3380 putem.

359 3396 469 3472 sabula
493 3393 572 3459 VIII
593 3396 660 3478 8,1
686 3405 720 3458 at
817 3402 899 3459 illam
919 3397 1058 3473 saboiam
1081 3416 1206 3458 narrem
1229 3392 1314 3482 fdass
1338 3396 1389 3461 ich
1415 3397 1443 3460 d.

273 3491 408 3555 snubere
436 3489 633 3558 Histdrohen
666 3490 808 3556 erziihle'
838 3490 1034 3578 (Wicland.)
1065 3514 1103 3555 ex
1132 3494 1217 3556 vitae
1248 3493 1445 3558 cottidianae

275 3589 506 3652 consuetudine
528 3589 635 3673 posita
657 3589 796 3672 videtum
819 3588 902 3654 'nam
931 3589 1078 3652 similiter
1106 3590 1219 3654 comici
1244 3591 1340 3654 locuti
1370 3596 1446 3654 sunt

273 3709 353 3765 qaae
376 3693 453 3750 baec
481 3698 526 3750 est
549 3690 679 3766 sabula?
702 3685 782 3751 ‘was
805 3687 850 3752 ist
874 3688 931 3752 das
955 3686 1008 3751 fur
1032 3687 1102 3750 eine
1127 3685 1364 3771 Geschiehte?’‚
1388 3688 1444 3753 cf.

276 3783 466 3869 Spengelius
491 3783 530 3848 ad
554 3783 625 3848 Tar.
651 3785 749 3850 Andr.
774 3787 846 3852 747.

366 3891 524 3948 lamentam
539 3887 572 3946 et
585 3887 699 3946 nitram
722 3884 874 3948 audacius
897 3903 956 3946 nec
970 3881 1090 3946 usitate
1109 3881 1345 3948 transferuntur
1364 3884 1445 3950 VIII

275 3981 325 4063 14,
344 3981 562 4060 Apersaasam
581 3991 626 4044 est
639 3987 670 4044 ci
686 4002 848 4045 censuram
863 3989 1021 4045 lamentam
1036 3990 1091 4043 ant
1103 3987 1216 4044 nitram
1235 4003 1315 4056 esse;
1334 4005 1445 4047 errare

346 4183 371 4251 1)
391 4179 477 4236 semel
492 4180 539 4235 hie
553 4181 719 4236 vocabulum
734 4180 851 4250 antiquo
866 4198 943 4236 more
958 4181 1060 4252 posuit,
1077 4179 1126 4235 sed
1145 4182 1174 4235 in
1193 4197 1225 4234 eo
1240 4181 1322 4251 libro,
1341 4184 1371 4237 in
1389 4201 1445 4252 quo

271 4261 396 4330 priscum
420 4279 501 4315 usum
520 4259 647 4315 consulto
672 4261 800 4315 imitatus
820 4264 863 4316 est
886 4262 945 4333 (cfr.
964 4261 1119 4316 Kochlcrus
1139 4264 1192 4314 act.
1213 4278 1280 4315 sem.
1300 4262 1413 4332 Erlang.
1433 4265 1446 4316 I

272 4359 299 4410 p.
319 4348 371 4397 379
391 4341 454 4396 adn.
479 4343 508 4396 et
526 4341 711 4410 Landgrafius
731 4341 796 4397 diss.
816 4341 937 4396 Wirceb.
960 4345 1040 4408 1878,
1058 4358 1085 4410 p.
1106 4347 1141 4394 30
1160 4341 1244 4408 adn),
1264 4339 1299 4394 de
1317 4359 1347 4397 re
1365 4343 1444 4411 publ.

273 4421 414 4476 11142M.
435 4423 506 4476 dnae
523 4423 636 4478 sitires
656 4464 706 4477 ...
725 4423 915 4490 confidentiam
935 4429 959 4476 et
977 4439 1064 4478 vacem
1083 4421 1207 4487 descisse.
