3192 5024
749 375 964 438 ...22-

273 541 347 599 tibri
364 540 499 598 omnibus
518 540 619 611 aipent
627 529 652 617 1)
671 532 690 595 i.
706 547 735 596 e.
755 531 848 598 ‘nach
869 534 940 598 dem
959 533 1083 600 Urteile
1103 537 1205 620 aller'‚
1225 540 1276 602 cui
1296 543 1443 624 exemplo

275 635 421 696 accurate
446 629 618 713 respondet
640 628 803 694 Ciceronis
826 631 906 694 iIlud
931 633 969 695 ad
995 632 1262 719 fam.V1133‚1
1288 659 1342 702 nos
1365 647 1444 702 enim

270 738 364 812 piane
391 740 446 793 aut
477 735 555 792 ninii
584 749 686 792 sumus
714 739 769 792 aut
795 734 880 792 nobis
907 736 1028 830 quidem
1056 739 1128 812 ipsis
1156 740 1348 814 displicemus
1373 758 1443 814 pre-

272 835 393 908 patitus
417 834 487 906 illis,
516 832 645 904 auibus
669 835 698 889 te
721 832 886 905 plaudente
909 834 1134 909 uipetnmur,
1163 839 1296 907 amusim
1324 833 1446 900 similia

274 927 345 1015 ride
373 925 457 1008 apud
486 923 692 987 Kuehnerum
720 923 752 986 II
775 947 805 1007 p.
825 923 889 987 238
914 928 947 988 et
970 923 1185 990 Schmalzium
1213 932 1298 1012 synt.
1321 952 1350 1013 p.
1370 933 1443 996 274.

364 1022 566 1086 Adiectivum
585 1027 703 1084 alienus
722 1043 794 1085 oum
809 1020 919 1083 dativo
939 1022 1144 1088 coniunctum
1165 1029 1198 1089 et
1211 1031 1324 1092 nostro
1344 1029 1443 1094 verbo

275 1119 401 1186 ‘fremd'
416 1118 622 1204 respondens,
637 1117 764 1182 etiamsi
779 1141 798 1182 a
813 1117 974 1183 Ciceronis
986 1118 1198 1207 Caesarisque
1213 1127 1444 1192 consuetudine

273 1219 456 1301 abhorreat,
474 1219 583 1280 tamen
601 1215 767 1280 ferendum
787 1220 866 1300 puto
886 1213 970 1300 apud
992 1216 1137 1284 Caelium
1151 1220 1234 1286 VIII
1250 1224 1301 1307 12,
1316 1225 1336 1288 2
1351 1233 1447 1290 malui

274 1326 408 1396 collepae
431 1323 508 1392 eius,
537 1320 652 1378 bomini
674 1321 854 1379 alienissimo
878 1320 952 1378 milti
974 1326 1003 1378 et
1022 1328 1149 1397 propter
1173 1327 1338 1385 amicitiam
1362 1333 1445 1387 tuam

274 1407 333 1481 non
357 1419 544 1494 aequissimo,
568 1433 614 1476 me
637 1418 782 1489 obtipare,
805 1433 908 1494 neque
931 1411 1163 1500 Wesenbergio
1189 1417 1366 1504 adsentior,
1390 1421 1444 1503 qui

273 1512 394 1578 emend.
415 1512 471 1574 alt.
490 1533 520 1593 p.
539 1509 581 1574 22
605 1515 720 1572 bomini
741 1516 922 1573 alienissimo
946 1520 976 1574 et
997 1517 1073 1575 mini
1094 1533 1119 1577 e.
1140 1537 1168 1597 q.
1189 1535 1212 1579 s.
1238 1515 1443 1581 scribendum

272 1632 342 1675 esse
370 1612 487 1674 censet
534 1629 608 1670 nam
637 1627 709 1670 eum
738 1605 849 1668 eodem
877 1607 973 1671 modo
1010 1608 1150 1673 dixerint
1176 1610 1286 1677 Livius
1310 1611 1326 1676 I
1349 1615 1445 1698 20,3

272 1715 477 1776 sacerdotium
502 1711 589 1784 penti
615 1710 783 1768 conditoris
810 1727 869 1769 non
898 1711 1029 1769 alienum
1058 1710 1090 1769 et
1117 1707 1192 1772 ibid.
1217 1709 1326 1773 XXIX
1348 1711 1400 1795 29,
1425 1712 1445 1776 8

271 1832 331 1875 non
347 1814 464 1872 alienus
477 1808 627 1883 sanquine
640 1807 765 1880 repibus
779 1799 849 1885 (cfr.
861 1801 1081 1866 Kuehnastius
1098 1797 1180 1888 synt.
1195 1805 1320 1871 Livian.
1335 1829 1365 1890 p.
1381 1809 1445 1873 125

273 1908 347 1974 edit.
372 1900 456 1990 alt.)7
484 1900 606 1964 Seneca
629 1902 751 1985 quaest.
775 1902 840 1962 nat.
864 1898 911 1964 IV
931 1900 999 1963 init.
1019 1908 1081 1965 seio
1105 1923 1196 1979 quam
1224 1911 1266 1967 sis
1290 1911 1448 1970 ambitioni

272 2013 398 2080 alienus,
415 2022 505 2081 quam
517 2002 683 2077 familiaris
698 2003 758 2061 otio
773 2007 802 2060 et
815 2004 931 2074 titteris,
952 1997 1072 2061 Fronto
1088 2019 1118 2082 p.
1134 2001 1185 2083 23,
1203 2002 1241 2065 17
1258 1999 1296 2064 Ν.
1321 2007 1444 2067 Oratius

272 2111 403 2169 liaecus
421 2103 625 2164 memorabilis
640 2105 731 2175 poeta
750 2101 882 2171 mitique
897 2107 1024 2174 propter
1039 2101 1248 2163 Maecenatem
1268 2121 1307 2163 ac
1325 2105 1444 2165 Maeee-

272 2208 413 2267 natianos
441 2203 543 2260 tortos
574 2215 633 2257 non
664 2199 781 2256 alienus
811 2196 844 2254 et
876 2191 1015 2256 fortasse
1048 2194 1103 2257 alii
1136 2217 1276 2281 quoque,
1309 2197 1444 2261 eundem

272 2321 366 2364 nsum
395 2318 415 2358 a
438 2292 547 2358 Caelio
577 2289 754 2354 abiudicari
783 2311 820 2352 eo
845 2291 951 2353 minus
975 2292 1198 2376 pervidetur,
1227 2315 1290 2376 quo
1315 2295 1443 2379 saepius

272 2419 345 2462 eum
369 2393 513 2457 videmus
537 2393 570 2453 et
595 2387 752 2452 vocabula
776 2392 809 2450 et
832 2389 1008 2452 structuras
1033 2411 1051 2452 a
1075 2388 1227 2456 Cicerone
1250 2395 1283 2456 et
1306 2389 1444 2457 Caesare

273 2497 395 2579 spreta,
425 2489 479 2554 sed
509 2484 783 2571 aposterioribus
807 2489 937 2569 recepta
963 2487 997 2550 in
1022 2509 1114 2552 suum
1137 2511 1232 2554 usum
1256 2490 1446 2574 adscivisse3

272 2594 326 2658 cir.
348 2591 447 2656 etiam
472 2585 581 2650 Antib.
603 2607 626 2647 s.
646 2606 673 2647 v.

361 2685 561 2749 Structorem
583 2703 715 2764 prorsus
734 2681 928 2745 insolentem
947 2682 1156 2746 obtruseruut
1175 2682 1287 2749 Caelio
1307 2684 1445 2748 Orellius

272 2788 349 2852 olim
373 2788 405 2847 et
432 2803 534 2864 nuper
557 2780 740 2864 Draegerus
761 2778 775 2840 Ι
795 2801 824 2860 p.
843 2778 908 2841 438
924 2800 947 2840 s.
972 2777 1065 2841 abusi
1088 2779 1160 2844 loco
1185 2785 1338 2864 corrupto
1362 2781 1442 2844 VIII

274 2888 303 2967 8,
318 2887 339 2948 2
354 2888 395 2947 Μ.
414 2887 560 2945 Seruilius
575 2889 735 2957 postquam
829 2882 997 2953 reliquerat
1015 2883 1267 2954 maximaeque
1287 2879 1443 2957 [manime-

275 3007 333 3063 que
350 2981 448 3060 Med]
473 2983 575 3042 nobis
598 2982 731 3040 traditus
754 2984 823 3038 erat
846 2979 1025 3046 inuidiam
1048 2994 1123 3037 nam
1143 2974 1228 3057 quod
1246 2973 1325 3036 haec
1344 2973 1442 3036 verba

275 3083 315 3148 ad
339 3079 485 3143 dativum
509 3075 667 3159 quendam
691 3073 819 3136 finalem
843 3069 1064 3154 confugientes
1089 3070 1135 3134 ita
1158 3069 1327 3153 explicant,
1352 3071 1443 3153 quasi
1506 3101 1509 3106 ·

275 3178 403 3244 Caelius
423 3174 508 3238 dicat
526 3171 581 3236 ‘M.
597 3170 768 3235 Servilium
789 3168 849 3232 sibi
870 3163 927 3253 (sc.
945 3165 1100 3251 patrono)
1123 3166 1171 3230 ita
1190 3188 1260 3230 esse
1278 3165 1444 3251 traditum,

273 3280 311 3341 ut
347 3273 488 3338 maxima
525 3269 587 3335 sibi
623 3267 743 3332 invidia
780 3264 1021 3330 conciliaretur'
1055 3262 1168 3348 (verba
1202 3270 1278 3330 suut
1306 3266 1443 3352 Orellii),

274 3373 316 3439 M.
341 3371 495 3438 Servilius
519 3367 629 3432 CaeIio
653 3386 711 3429 nec
729 3363 870 3427 invidiae
892 3362 955 3425 fuit
977 3384 1035 3426 neo
1058 3363 1190 3428 omnino
1208 3385 1282 3428 reus
1306 3365 1444 3429 traditus

274 3475 333 3551 est,
356 3491 437 3553 cum,
461 3468 492 3531 id
517 3463 601 3550 quod
626 3485 665 3528 ex
689 3458 933 3544 insequentibus
963 3459 1068 3523 verbis
1090 3461 1263 3540 postulante
1287 3468 1444 3527 Pausania

273 3575 358 3634 nobis
378 3573 519 3648 patronis
541 3561 742 3648 perspicitur,
764 3579 830 3622 non
849 3555 985 3640 Servilii,
1008 3557 1093 3640 quod
1118 3561 1214 3644 vulgo
1238 3564 1364 3642 putant,
1388 3561 1443 3623 sed

273 3664 452 3730 Pausaniae
485 3665 571 3726 esset
599 3658 729 3724 Caelius
761 3657 929 3739 patronus.
976 3655 1030 3719 cfr.
1060 3678 1141 3740 quae
1171 3657 1209 3721 de
1237 3657 1298 3722 hac
1327 3679 1361 3721 re
1393 3679 1445 3721 er·

274 3765 449 3847 posuerunt
472 3759 506 3825 C.
530 3759 565 3822 F.
590 3757 794 3821 Hermannus
817 3753 881 3818 ind.
905 3754 1005 3818 schol.
1025 3752 1171 3840 Gotting.
1193 3755 1287 3838 1853,
1310 3778 1339 3839 p.
1363 3755 1401 3818 11
1420 3778 1443 3819 s.

274 3866 306 3926 et
324 3856 603 3925 Mendelssohnius
621 3854 724 3918 annal.
744 3852 857 3936 philol.
876 3851 939 3914 vol.
954 3848 1121 3915 CXXXIII
1140 3875 1170 3936 p.
1186 3853 1237 3917 65.
1271 3875 1352 3936 quae
1372 3873 1443 3916 oum

272 3961 318 4023 Ita
338 3960 413 4041 sint,
437 3953 644 4021 manifestum
664 3954 714 4015 est
733 3951 832 4014 verba
850 3949 907 4012 illa
926 3970 985 4012 neo
1003 3949 1048 4013 sic
1068 3953 1104 4014 ut
1121 3951 1243 4015 tradita
1262 3956 1339 4014 sunt
1358 3952 1444 4013 stare

185 4069 187 4073 '
271 4078 367 4140 posse
391 4076 450 4118 nec
473 4052 638 4118 emendari
657 4050 843 4115 coniectura
861 4043 999 4109 Munatii
1019 4047 1060 4110 ab
1084 4047 1262 4112 editoribus
1285 4068 1371 4111 nunc
1393 4067 1440 4108 re·

341 4295 366 4358 1)
385 4290 426 4344 ita
440 4289 562 4344 Medicei
580 4288 739 4359 corruptela
753 4287 845 4357 mipene
863 4282 894 4336 in
908 4281 1081 4337 edItionibus
1096 4283 1239 4338 veteribus
1254 4283 1381 4337 correcta
1400 4286 1444 4337 est

269 4371 490 4440 adprobantibus
515 4369 633 4438 OreIIio,
657 4363 875 4444 Wesenbergi0,
898 4363 1040 4430 Vahleno‚
1068 4361 1117 4430 qui
1140 4362 1281 4432 copiosius
1305 4364 1340 4418 dc
1364 4365 1444 4420 verbi

269 4454 380 4524 mipendi
399 4451 427 4508 vi
446 4455 475 4506 et
494 4469 545 4506 usu
560 4450 718 4521 disputavit
736 4450 793 4506 ind.
812 4447 876 4504 lect.
895 4443 952 4498 hib.
969 4443 1087 4497 univers.
1105 4443 1195 4497 Berol.
1212 4444 1334 4517 1881l82‚
1353 4463 1380 4514 p.
1396 4452 1443 4502 os.
