3192 5024
704 331 918 392 -14..

225 497 315 555 extat
334 497 391 556 aut
410 513 494 557 nunc
513 497 622 557 extare
643 489 776 572 videtur,
793 488 955 552 interdum
973 489 1159 571 impollute
1181 489 1399 554 concinnitate

226 596 283 652 aut
316 591 414 654 simili
447 592 556 674 aliqua
587 609 685 652 causa
717 590 767 652 vel
795 589 837 651 ab
867 589 999 670 optimis
1032 588 1244 670 scriptoribus
1271 591 1399 671 passive

226 689 387 772 usurpari3
403 689 460 753 cfr.
475 687 658 770 Draegerus
677 691 763 769 synt
780 686 856 748 bist.
874 686 953 768 ling.
971 686 1028 747 lat
1047 685 1144 748 v01I
1162 709 1193 768 p.
1208 687 1273 748 150
1286 691 1319 749 61
1336 688 1400 750 156

226 807 251 849 6.
269 785 344 848 edit.
364 788 419 848 alt
438 792 472 849 et
490 784 683 867 Rebliugius
707 782 984 847 ‘Charakteristik
1002 783 1030 844 d
1050 783 1200 846 romiscu
1218 782 1401 867 Umgangs-

226 881 383 966 spraebe,'
401 882 508 947 Kiliae
528 883 623 958 1883,
641 904 672 963 p.
691 883 769 944 36s.
797 904 878 964 quae
896 903 969 943 cum
987 881 1035 942 ita
1054 879 1129 961 siut,
1148 879 1289 963 Caelius,
1310 883 1402 944 cuius

226 1001 328 1064 genus
361 980 488 1044 dicendi
519 987 588 1043 tam
614 1001 714 1062 prope
746 980 786 1042 ad
815 1001 911 1042 usum
934 979 1021 1040 vitae
1044 976 1240 1041 cottidianae
1268 980 1401 1060 accedit,

226 1077 373 1160 equidem
401 1099 465 1140 non
495 1076 608 1140 dubito
636 1076 714 1160 quin
742 1076 907 1158 scripserit
934 1073 1016 1137 VIII
1034 1074 1105 1156 5,2
1132 1082 1171 1138 dc
1200 1081 1301 1138 Gallie
1330 1099 1400 1140 corr-

225 1181 369 1239 rtituetur
465 1182 512 1238 ric
538 1181 663 1237 multum
690 1196 730 1237 ac
757 1181 811 1236 dtu
833 1181 971 1254 ludetur,
997 1185 1090 1250 atque
1116 1180 1160 1234 ita
1184 1180 1250 1247 dm,
1280 1183 1401 1253 utplus

227 1279 381 1336 biennium
399 1279 431 1335 r'n
445 1277 595 1335 bettricus
613 1283 775 1334 moretur
790 1273 976 1350 [moreretur
988 1269 1097 1350 Med],
1116 1272 1306 1351 praesertim
1326 1294 1399 1335 cum

227 1368 443 1432 certissimum
467 1370 511 1432 sit
528 1369 670 1432 activum
693 1367 827 1431 verbum
849 1390 973 1430 morare
995 1372 1028 1430 et
1051 1368 1129 1429 item
1152 1389 1344 1432 commorare
1366 1370 1401 1431 in

226 1489 287 1530 usu
318 1465 428 1530 fuisse.
477 1489 553 1530 nam
584 1467 727 1548 repperit
752 1465 923 1529 Diomedes
950 1488 980 1548 p.
999 1465 1066 1528 400
1088 1463 1127 1526 Κ.
1158 1487 1282 1528 morare
1313 1465 1399 1548 apud

228 1561 399 1628 Naevium:
433 1571 509 1642 quid
538 1571 659 1628 morae?
697 1561 758 1648 (=
781 1585 862 1627 com.
884 1564 953 1626 1611
976 1563 1050 1626 edit
1075 1563 1169 1626 Ribb.
1192 1564 1249 1626 alt
1275 1586 1306 1646 p.
1332 1563 1401 1646 18),

227 1659 384 1724 Ennium:
411 1685 452 1724 un
481 1668 601 1740 alequid
625 1667 708 1738 quoa
734 1667 825 1736 dono,
851 1668 910 1739 fili,
939 1668 985 1724 m'l
1005 1668 1163 1724 maures?
1187 1661 1277 1744 (ibid.
1300 1685 1331 1744 p.
1354 1658 1400 1746 5),

231 1757 417 1822 Pacuvium:
442 1765 553 1838 paucis
577 1764 716 1838 absoluit,
745 1781 784 1822 ne
806 1770 943 1822 mereret
965 1765 1080 1822 dtatuts
1102 1757 1161 1840 (=
1180 1759 1352 1840 trag.·rell.
1370 1782 1401 1842 p.

228 1857 299 1938 08),
322 1877 512 1920 commorare
530 1856 613 1939 apud
634 1854 897 1920 ‘vetustissimos'
916 1878 950 1920 se
969 1856 1132 1919 invenisse
1151 1856 1198 1918 ait
1216 1854 1400 1919 Priscianus

230 1951 309 2016 VIII
327 1953 358 2036 5,
377 1953 435 2036 25,
464 1953 645 2018 invenimus
673 1954 772 2015 etiam
799 1976 884 2016 nunc
917 1955 951 2015 in
985 1975 1132 2016 sermone
1159 1952 1288 2034 plebeio
1316 1954 1400 2037 apud

229 2048 389 2114 Isidorum
408 2051 487 2134 orig.
506 2048 554 2112 XI
572 2051 603 2133 3,
622 2050 663 2113 31
684 2055 912 2126 (commorasse)
935 2054 967 2114 et
985 2050 1123 2115 fortasse
1142 2051 1227 2134 apud
1247 2050 1401 2116 Senecam

229 2151 329 2211 contr.
352 2147 437 2231 116,
463 2148 504 2210 10
526 2169 557 2230 p.
575 2148 641 2212 222
659 2145 699 2209 Κ.
723 2145 971 2233 (commorarent,
997 2148 1053 2211 sed
1076 2149 1149 2212 vide
1173 2149 1280 2213 adnot.
1303 2149 1400 2234 6111),

229 2243 284 2308 cfr.
303 2243 427 2309 Neuius
446 2243 479 2308 II
497 2267 528 2328 p¹
542 2245 616 2309 304.
647 2244 728 2308 nihil
747 2245 849 2329 igitur
868 2250 918 2309 est
935 2267 1061 2327 causae,
1078 2267 1135 2308 cur
1152 2268 1225 2310 cum
1238 2245 1401 2330 ErnestiO,

230 2341 371 2427 Baitero,
393 2340 629 2426 Wesenbergio
653 2363 806 2406 moremur
829 2343 1018 2407 scribamus.
1365 2345 1370 2350 ’

318 2437 483 2505 Sermonis
513 2440 684 2504 familiaris
714 2462 785 2504 esse
816 2441 943 2504 videtur
976 2439 1156 2523 perfectum
1180 2449 1328 2520 placitum
1358 2453 1403 2505 est
1431 2471 1436 2482 ¹

228 2559 287 2620 pro
307 2539 474 2602 usitatiore
489 2545 610 2639 placuit
623 2536 703 2602 VIII
722 2538 752 2621 4,
771 2539 792 2600 4
808 2539 956 2617 placatum
975 2549 1026 2615 est,
1046 2551 1080 2600 ut
1098 2589 1104 2599 .
1120 2589 1127 2600 .
1141 2589 1171 2602 ..
1194 2551 1401 2603 reverteretur

232 2639 283 2698 Cn.
313 2640 488 2714 Pompeium
521 2635 656 2699 eandem
684 2635 770 2698 enim
797 2635 936 2698 formam
964 2657 1061 2720 saepe
1094 2637 1209 2700 comici
1243 2638 1401 2719 praebent

230 2729 318 2815 (vide
337 2731 504 2796 Donatum
528 2732 569 2795 ad
587 2732 729 2795 Terentii
753 2732 854 2796 Andr.
871 2729 963 2818 443),
986 2734 1075 2797 velut
1097 2732 1267 2797 Terentius
1285 2732 1402 2817 Hecyr.

229 2830 312 2914 prol.
331 2829 364 2892 II
386 2829 427 2893 13
447 2837 584 2909 placitae
606 2841 677 2893 suat
700 2825 871 2914 (fabulae),
894 2830 971 2894 ibid.
990 2852 1019 2893 v.
1037 2831 1101 2894 241
1123 2839 1241 2910 placitu
1265 2843 1309 2896 est
1331 2853 1401 2895 coa·

229 2933 310 2992 dieto
338 2925 409 3012 (cfr.
434 2926 553 2991 didase.
577 2926 617 2990 ad
641 2924 755 3010 Hecyr.
784 2948 844 2990 uon
868 2933 986 3006 placita
1013 2940 1057 2991 est
1085 2950 1127 2992 sc.
1151 2925 1288 3013 fabula),
1321 2928 1400 2990 alibi

231 3023 301 3107 (cfr.
321 3023 511 3109 Spengelius
530 3029 564 3088 et
580 3023 726 3088 Klotaius
751 3024 791 3087 ad
815 3023 885 3089 Ter.
902 3024 998 3089 Andr.
1019 3023 1112 3109 645);
1136 3029 1233 3110 atque
1251 3032 1399 3105 placitum

229 3133 273 3184 eat
291 3133 324 3186 ut
346 3127 476 3205 praeter
489 3119 634 3186 Caelium
658 3120 807 3184 dixerunt
826 3118 1015 3186 Cornificius
1034 3123 1115 3187 rhet.
1131 3123 1171 3188 ad
1186 3121 1260 3186 Her.
1275 3121 1307 3186 ΙΙ
1323 3123 1352 3204 1,
1368 3124 1402 3204 1,

231 3219 351 3303 13,19,
375 3220 525 3284 Decimus
550 3219 670 3284 Brutus
693 3219 777 3302 apud
801 3218 865 3284 Cic.
886 3220 926 3282 ad
945 3220 1020 3283 fam.
1039 3220 1084 3283 XI
1107 3221 1134 3303 1,
1153 3221 1173 3284 2
1198 3225 1230 3284 61
1253 3221 1284 3302 6,
1308 3221 1401 3284 Pom·

229 3315 320 3398 peius
349 3317 389 3380 ad
417 3317 484 3381 Att.
504 3316 585 3382 VIII
607 3318 647 3381 12
668 3319 705 3398 Α,
723 3316 758 3399 4,
787 3314 899 3381 Cicero
927 3316 996 3399 ipse
1020 3319 1069 3380 bis
1099 3318 1324 3383 tautummodo
1354 3319 1400 3381 sie

229 3413 354 3476 locutus
383 3418 444 3496 est,
473 3413 564 3479 Verr.
587 3414 635 3479 IV
656 3415 691 3497 1,
713 3415 745 3498 1,
767 3414 798 3477 h.
823 3435 849 3478 e.
881 3413 916 3476 in
946 3436 1009 3476 una
1041 3416 1183 3499 priorum
1217 3417 1402 3481 orationum

230 3531 373 3589 suarum,
397 3516 430 3574 et
454 3511 492 3575 de
515 3511 638 3596 republ.
656 3510 673 3574 I
694 3511 744 3594 12,
764 3511 818 3593 18,
843 3531 906 3594 quo
929 3511 965 3574 in
988 3533 1083 3593 opere
1107 3514 1276 3596 antiquum
1300 3535 1401 3598 genus

230 3607 355 3671 dicendi
376 3609 524 3673 consulto
544 3609 690 3674 imitatus
710 3613 759 3673 est
777 3607 849 3693 (cfr.
862 3606 1084 3673 Hellmuthius
1104 3615 1163 3673 act.
1179 3632 1255 3674 sem.
1269 3609 1402 3693 Erlang.

229 3704 294 3787 lp.
317 3701 408 3791 120),
446 3705 582 3789 denique
619 3706 818 3789 frequentari
850 3713 997 3786 placitum
1029 3719 1073 3771 est
1110 3706 1194 3790 apud
1227 3707 1401 3789 scriptores

230 3803 466 3868 ecclesiasticos
490 3803 584 3868 docet
606 3803 806 3868 Roensehius
835 3801 979 3870 ‘Itala'u
1000 3802 1156 3886 Vulgata'
1174 3827 1204 3887 p.
1226 3805 1298 3887 142,
1324 3806 1402 3886 144,

229 3901 301 3964 vide
335 3904 500 3984 praeterea
526 3899 667 3965 Neuium
694 3900 727 3963 Π
749 3924 779 3985 p.
803 3902 868 3967 339
898 3906 930 3965 61
959 3900 1173 3966 Scbmalaium
1201 3902 1241 3966 ad
1270 3901 1401 3964 Sallust.

230 3995 462 4082 chQl

321 4095 364 4160 Ut
393 4096 562 4161 verborum
597 4097 717 4161 formas
751 4095 930 4178 absolvam,
963 4095 1078 4160 addere
1106 4098 1202 4160 liceat
1229 4094 1401 4177 participia

231 4193 353 4278 aliquot
372 4193 505 4277 perfecti
524 4201 556 4258 et
575 4194 753 4278 praesentis
773 4194 991 4276 comparative
1005 4198 1062 4257 aut
1077 4192 1269 4276 superlative
1284 4192 1400 4274 posita,

232 4314 312 4374 <luae
337 4290 465 4374 quidem
488 4292 684 4356 notabiliora
708 4291 789 4355 mihi
813 4289 974 4355 videntur:

320 4396 514 4470 trtaprratr'or
542 4387 620 4452 Vlll
643 4389 751 4472 15,1,
784 4389 872 4454 cuius
905 4389 1052 4452 vocabuli
1085 4388 1322 4470 comparativus
1354 4391 1399 4452 in-
