3192 5024
685 362 879 424 ..9-

196 528 346 604 dentram,
366 528 476 585 maiam
499 527 654 584 sinistram
683 521 802 584 habere
830 519 965 584 dicebat.
1016 521 1127 585 eodem
1155 519 1260 582 redire
1288 518 1367 582 mihi

196 617 344 682 videntur
382 618 580 701 reliquorum
619 617 657 681 de
696 617 881 702 eloquentia
915 614 1017 680 Caelii
1054 615 1182 682 iudicia.
1241 613 1366 689 Quinti·

196 715 303 778 lianus
319 713 348 778 X
364 716 393 796 2,
408 713 451 779 25
466 723 660 795 asperitatem
675 716 743 779 eius
758 713 1004 799 commemorem
1023 714 1154 779 Tacitus
1169 712 1249 778 haec
1268 711 1368 776 habet

196 814 230 876 in
249 811 366 895 dialog.
381 833 406 876 c.
426 813 464 876 18
485 818 619 891 (antiqui
636 819 789 890 aratores)
807 822 878 882 sunt
895 818 1019 876 torridi
1036 823 1066 877 et
1084 817 1210 891 impoliti
1227 819 1257 873 et
1274 816 1368 874 rudes

198 920 227 972 et
246 911 397 987 informes,
417 919 446 973 ct
459 931 533 988 quos
549 917 668 974 utinam
686 918 770 974 nulla
785 919 876 990 parte
894 917 1029 974 imitatus
1048 920 1126 975 esset
1142 914 1250 976 Caluus
1264 916 1367 971 noster

199 1016 253 1070 aut
274 1011 422 1070 Caelius
441 1017 495 1070 aut
512 1015 576 1088 ipse
594 1013 709 1086 dicero,
724 1012 757 1072 et
771 1031 796 1074 c.
812 1009 860 1074 21·
875 1014 968 1098 quid?
996 1030 1036 1072 en
1054 1013 1205 1073 Caelianis
1223 1012 1368 1071 crationi·

198 1109 252 1168 ius
266 1125 371 1184 nempe
390 1126 444 1169 eae
459 1112 592 1186 placent,
610 1112 674 1170 siue
692 1113 854 1170 uniuersae
871 1113 933 1170 siue
949 1117 1055 1186 partes
1073 1125 1189 1192 earum,
1209 1111 1241 1169 in
1260 1110 1369 1182 aniius

195 1207 322 1266 nitorem
341 1212 370 1265 ct
388 1209 579 1293 altitudinem
597 1209 705 1270 narum
724 1198 889 1285 temporum
909 1212 1108 1283 aanoscimus.
1144 1208 1250 1267 sardes
1268 1211 1369 1266 autem

196 1306 266 1382 illae
296 1306 457 1364 certarum
484 1312 514 1365 et
540 1308 629 1366 bians
658 1309 831 1383 compositio
859 1312 889 1366 et
916 1307 1065 1366 inconditi
1092 1322 1197 1367 sensus
1230 1306 1370 1364 redolent

198 1403 421 1483 antiquitatem,
446 1420 502 1463 nec
525 1421 702 1478 quemquam
731 1396 807 1465 adea
835 1405 1044 1478 antiquarium
1062 1410 1152 1480 puto,
1176 1409 1210 1462 ut
1236 1403 1368 1462 Caelium

198 1517 237 1557 en
258 1515 295 1558 ea
311 1505 403 1574 parte
422 1503 533 1575 laudet,
547 1518 608 1575 qua
628 1505 770 1576 antiquus
792 1509 844 1576 est,
863 1499 979 1582 quibus
998 1497 1104 1561 verbis
1124 1519 1197 1564 eum
1217 1495 1368 1578 antiquos

198 1593 342 1654 oratores
369 1591 530 1656 imitatum
560 1594 784 1677 neglegentem
815 1593 914 1658 fuisse
947 1595 1109 1678 significat
1136 1593 1171 1656 in
1201 1593 1309 1657 verbis
1338 1596 1370 1655 et

198 1687 355 1770 eligendis
385 1693 417 1752 et
444 1691 638 1755 collocandis
667 1694 699 1754 et
714 1679 1009 1776 'comprehensione
1038 1690 1265 1756 devinciendis.
1321 1688 1368 1752 ni-

199 1786 326 1868 mirum,
344 1809 418 1854 cum
437 1810 563 1853 summo
584 1810 709 1873 semper
728 1789 829 1852 animi
849 1789 961 1873 ardore
981 1793 1013 1853 et
1026 1790 1118 1872 quasi
1133 1791 1224 1852 aestu
1239 1787 1368 1869 diceret,

199 1883 268 1946 fieri
298 1906 363 1949 non
391 1887 512 1968 potuit,
540 1890 576 1950 ut
605 1886 706 1971 polita
737 1889 822 1950 esset
852 1885 919 1949 eius
944 1885 1048 1964 oratio
1072 1889 1128 1949 aut
1156 1888 1231 1968 apte
1255 1887 1287 1948 et
1309 1907 1366 1947 nu-

198 2003 323 2046 merose
347 1975 600 2048 concluderetur
643 1983 738 2047 simul
763 2005 835 2047 cum
856 1984 994 2047 maxime
1018 1983 1049 2046 id
1070 1985 1189 2068 ageret,
1213 1986 1249 2046 ut
1267 1981 1366 2067 vulgo

196 2080 397 2164 probaretur,
421 2075 675 2147 consentaneum
694 2084 763 2145 erat
788 2103 869 2144 eum
884 2079 980 2144 huius
1004 2081 1210 2164 potissimum
1234 2080 1364 2143 auribus

197 2177 374 2241 orationem
407 2202 497 2243 suam
529 2179 802 2244 adcommodasse.
855 2178 965 2262 itaque
995 2178 1161 2261 popularis
1195 2181 1265 2240 erat
1301 2177 1369 2240 eius

197 2274 310 2358 dicti0,
338 2298 402 2340 non
430 2278 527 2341 nimis
555 2281 670 2341 ornata
698 2269 935 2359 lectis'verbis,
964 2275 1020 2339 sed
1043 2297 1125 2360 quae
1155 2275 1259 2358 magis
1283 2296 1369 2339 com-

109 2379 111 2382 ’
198 2393 325 2436 munem
351 2395 531 2438 sermonem
555 2373 710 2438 redderet.
761 2374 883 2437 scilicet
909 2372 1024 2436 formis
1048 2373 1217 2457 verbisque
1247 2372 1369 2454 plebeis

200 2472 233 2532 et
254 2470 384 2553 priscis,
409 2492 489 2553 quae
513 2473 547 2534 in
570 2471 747 2534 cottidiana
771 2470 898 2553 quidem
922 2469 1151 2533 consuetudine
1175 2470 1274 2533 etiam
1298 2472 1369 2533 tum

199 2565 366 2650 vigebant,
397 2567 452 2630 scd
480 2567 698 2631 abhorrebant
728 2565 932 2630 aOiceronis
956 2564 1166 2652 Caesarisque
1197 2567 1370 2651 elegantia,

198 2663 284 2726 haud
308 2667 498 2729 cunctanter
521 2686 598 2728 usus
622 2667 679 2728 est.
801 2731 807 2738 .
946 2736 949 2744 ¹

287 2760 443 2845 Magnum
462 2761 563 2846 igitur
583 2761 725 2835 videmus
745 2761 916 2826 discrimen
935 2762 1156 2826 intercessisse
1179 2763 1262 2826 inter
1281 2759 1367 2826 Cice

199 2858 288 2923 sonis
312 2858 460 2944 magistri
485 2863 518 2925 et
542 2858 645 2925 Caelii
673 2858 822 2947 discipuli
851 2881 951 2944 genus
973 2859 1114 2924 dicendi.
1165 2881 1268 2946 neque
1292 2882 1367 2924 vero

200 2955 266 3020 ulla
294 2979 391 3021 causa
419 2962 480 3041 est,
514 2979 570 3022 cur
597 2955 792 3042 Teuffelio,¹)
816 2954 1098 3043 Wegehauptio,²)
1127 2955 1366 3042 Harneclrer03)

199 3054 435 3138 adstipulantes
464 3052 609 3134 Caelium
636 3055 670 3119 in
698 3053 882 3144 Atticorum
909 3055 963 3140 qui
992 3058 1062 3144 turn
1091 3055 1175 3138 apud
1203 3055 1368 3119 Romanos

200 3143 388 3217 dicebantur
418 3175 551 3218 numero
584 3153 775 3236 habeamus,
805 3153 860 3237 qui
889 3147 997 3216 dedita
1019 3174 1126 3235 opera
1156 3175 1175 3216 a
1206 3149 1370 3216 Ciceronis

200 3251 325 3314 ratione
345 3250 471 3315 dicendi
496 3253 703 3316 recesserant.
745 3271 821 3314 nam
841 3272 1059 3335 quaecumque
1079 3251 1112 3313 in
1133 3249 1235 3315 Caelii
1254 3270 1370 3334 genere

201 3402 257 3409 --.

271 3478 296 3546 1)
314 3477 465 3533 Teuffelius
474 3479 541 3534 hist.
550 3479 605 3535 litt.
616 3496 684 3535 rom.
693 3497 720 3547 p.
731 3485 783 3533 399
793 3497 814 3533 s.
839 3477 906 3534 edit.
922 3479 1039 3546 quartae
1054 3495 1071 3532 a
1086 3478 1232 3532 Schwabio
1248 3479 1371 3534 curatae.

271 3557 458 3626 a)1.1.p.23
478 3561 540 3615 adn.
558 3565 582 3614 5.
763 3594 767 3599 -
1157 3586 1160 3592 ¹

271 3639 299 3710 3)¹
317 3635 365 3690 cfr.
381 3637 455 3692 hunc
469 3639 499 3692 in
515 3639 602 3694 ‘Berl
618 3638 717 3692 Philol.
733 3636 945 3691 Wochenschr.'
962 3636 1016 3691 vol.
1027 3635 1065 3690 IV
1074 3643 1106 3706 'p.
1118 3642 1178 3705 225,
1193 3654 1256 3691 ann.
1271 3635 1370 3705 philol.

200 3712 254 3766 vol.
270 3714 369 3769 CXXV
383 3734 409 3785 p.
426 3724 485 3786 604,
501 3719 612 3774 CXXIX
626 3737 652 3787 p.
669 3724 716 3783 473
737 3718 785 3785 qui
799 3715 875 3784 quod
889 3719 918 3771 et
936 3716 980 3770 bis
994 3717 1065 3771 locis
1080 3720 1108 3772 et
1125 3718 1369 3772 ‘Woehenschrt

201 3791 287 3846 klass.
302 3793 415 3851 Philol’
433 3798 488 3853 vol.
502 3799 542 3852 ΙΙΙ
555 3817 582 3867 p.
600 3803 666 3851 1102
683 3815 702 3851 s.
723 3813 757 3850 cx
771 3795 912 3851 Ciceronis
931 3796 961 3849 in
980 3797 1066 3851 Bruto
1081 3805 1132 3853 273
1147 3798 1240 3852 verbis
1254 3800 1297 3852 nie
1311 3815 1372 3852 eunt

197 3889 304 3927 summa
313 3876 451 3932 uoluntate
466 3880 595 3934 domnum
609 3878 707 3933 aedilis
716 3878 820 3933 cunulis
829 3879 920 3944 factus
929 3885 1003 3945 esset,
1011 3880 1099 3933 neseio
1110 3879 1242 3948 'quaerendo
1254 3880 1372 3932 discessu

198 3969 254 4006 niteo
266 3951 294 4022 (i.
307 3969 329 4007 e.
341 3971 414 4008 antro
426 3957 530 4026 703t51)
540 3959 661 4013 discessit
670 3977 688 4012 a
697 3974 751 4012 sese
761 3958 916 4026 ceciditque,
922 3964 1100 4028 posteaquam
1109 3975 1152 4012 eos
1162 3959 1268 4012 imitari
1277 3961 1372 4027 coepit,

197 4049 263 4101 quos
281 4035 339 4102 ipse
353 4042 520 4104 perverterat
537 4037 591 4091 hoc
606 4036 677 4090 effici
693 4037 823 4106 opinatur
837 4036 971 4105 Caelium,
988 4054 1050 4090 cum
1071 4039 1156 4091 antea
1168 4038 1245 4090 totus
1260 4037 1371 4091 deditus

197 4111 298 4166 fuisset
313 4113 455 4168 Ciceronis
474 4117 570 4184 generi
589 4115 709 4183 dicendi,
725 4116 776 4170 illo
796 4133 869 4171 anno
889 4116 925 4168 ad
940 4117 1097 4171 Atticorum
1112 4119 1208 4186 partes
1227 4117 1370 4185 transisse,

197 4193 299 4246 mirum
321 4194 351 4248 in
374 4195 488 4248 modum
511 4195 626 4261 erravit;
650 4213 716 4250 nam
735 4198 821 4251 verba
844 4197 896 4251 illa
919 4198 997 4252 nullo
1022 4198 1105 4252 modo
1129 4199 1224 4266 potest
1247 4197 1372 4251 dubitari

90 4293 92 4298 ¹
199 4272 265 4338 quin
285 4273 321 4325 ad
341 4274 430 4328 Caelii
448 4275 478 4328 in
498 4291 527 4329 re
546 4276 661 4344 publica
678 4279 816 4331 rationem
835 4280 947 4331 tantum
965 4277 1112 4331 referenda
1130 4278 1199 4341 sint;
1219 4277 1267 4330 cfr.
1282 4279 1370 4330 etiam

199 4350 438 4408 Wischhoelterus
457 4354 475 4410 l.
494 4354 512 4410 l.
527 4373 555 4424 p.
570 4361 604 4408 40
619 4357 648 4408 et
661 4355 725 4411 adn.
740 4362 756 4410 8
775 4357 804 4409 et
822 4357 948 4410 Blassius
969 4358 1012 4411 ε11,
1031 4356 1136 4426 griech.
1160 4355 1371 4415 Beredsamkeit

198 4447 255 4484 von
274 4431 433 4488 Alexander
450 4435 494 4488 bis
514 4434 565 4488 auf
580 4433 750 4504 Augustus',
772 4436 857 4491 Rcrol.
876 4443 952 4505 1865,
974 4455 1000 4512 p.
1019 4443 1078 4491 140.
1153 4491 1157 4497 .
