3192 5024
731 329 949 396 .32.Η

252 515 299 559 rne
317 513 398 559 nunc
413 503 506 574 pntos
525 497 670 573 torqueri,
691 542 720 559 ..
740 544 746 559 .
765 513 803 556 ne
822 511 882 570 qno
902 515 951 557 res
967 543 995 558 ..
1016 497 1168 573 inpediet.
1192 491 1266 558 addi
1286 500 1424 578 possunt

252 593 331 657 haec
355 592 501 676 exempla
525 593 570 655 eis
596 613 677 675 quae
701 591 883 674 Draegerus
903 590 934 654 II
954 613 982 673 p.
1003 591 1066 654 297
1093 591 1264 676 congessit.

342 689 466 754 Harum
492 712 618 774 quoque
647 692 881 754 structurarum
909 689 987 752 alibi
1016 711 1081 752 non
1112 689 1315 754 inventarum
1345 713 1422 754 ana-

252 789 340 873 logia
363 809 460 852 causa
483 791 547 852 est:

340 885 422 950 VIII
448 885 482 968 5,
508 887 525 949 1
550 896 702 962 tamquam
730 889 808 948 olen
834 889 1052 961 oeoeootum
1079 892 1118 948 sit
1147 893 1187 962 ei,
1216 907 1283 964 qno
1307 893 1423 949 minus

252 1004 342 1062 quom
358 990 573 1063 paratissimus
592 993 675 1059 esset,
699 981 751 1045 cui
775 979 894 1044 similia
913 982 1059 1064 exempla
1078 981 1294 1065 (interpellem,
1314 1005 1422 1062 repop-

251 1104 337 1159 nnre,
356 1087 523 1159 quominus
534 1075 589 1165 al.)
601 1079 743 1142 invenies
754 1079 839 1143 haud
850 1100 952 1162 pauca
967 1079 1051 1163 apud
1062 1079 1261 1164 Draegerum
1272 1079 1423 1162 Hpnee.

342 1176 422 1242 VIII
448 1178 502 1260 14,
526 1175 546 1240 3
571 1182 648 1240 illud
678 1187 707 1239 te
736 1198 796 1240 non
825 1182 962 1240 orbttror
991 1179 1138 1261 supere,
1171 1185 1256 1256 puin
1290 1184 1424 1242 tornines

253 1282 383 1340 debeant
493 1280 692 1338 honestiorem
724 1281 810 1351 sequi
833 1283 971 1352 portem;
1003 1275 1113 1338 eadem
1147 1275 1273 1339 ratione
1306 1276 1424 1340 dIeitur

252 1395 311 1438 non
331 1376 415 1452 follit
436 1380 509 1451 quin
538 1394 557 1434 a
580 1371 731 1435 Terentio
756 1370 833 1436 Heu.
858 1371 921 1434 728
950 1393 1008 1435 nec
1032 1380 1086 1452 pol
1114 1393 1160 1436 rne
1187 1380 1311 1436 multum
1331 1375 1422 1451 follit,

252 1477 324 1548 puin
343 1476 425 1548 quod
437 1469 584 1550 suspicor,
603 1475 643 1531 sit
660 1473 743 1546 qnod
760 1476 839 1547 uelit,
858 1491 877 1531 a
897 1467 1033 1532 Caesare
1052 1469 1082 1534 b.
1101 1490 1126 1533 c.
1146 1469 1196 1533 III
1214 1470 1266 1553 94,
1285 1470 1305 1533 3
1325 1492 1423 1547 neque

254 1573 415 1631 Caesarem
432 1568 550 1645 fefellit,
564 1573 637 1644 quin
652 1571 691 1629 ob
712 1571 749 1628 iis
768 1572 886 1630 initium
900 1573 1048 1632 victorine
1066 1575 1211 1650 oriretur,
1231 1567 1272 1632 ab
1293 1570 1424 1631 auctore

253 1664 325 1728 bell.
349 1664 442 1728 Alex.
466 1663 509 1728 32
537 1685 635 1742 neque
666 1685 733 1727 enni
765 1671 923 1728 consilinm
951 1685 1038 1728 munt
1068 1667 1191 1742 fefellit,
1224 1672 1297 1742 quin
1325 1671 1424 1728 lrosles

249 1769 350 1826 nileil.
371 1813 376 1825 .
398 1816 404 1828 .
423 1772 520 1826 essent
544 1768 726 1840 copitoturi;
749 1760 804 1826 cfr.
819 1759 1003 1846 Draegerus
1022 1761 1054 1825 II
1074 1783 1104 1844 p.
1123 1761 1196 1842 667,
1216 1762 1292 1826 6692

339 1859 432 1935 Quod
455 1859 538 1923 dixit
561 1857 688 1923 Caelius
712 1857 793 1922 VIII
823 1859 877 1941 10,
904 1861 921 1922 1
954 1846 1011 1923 too
1042 1852 1216 1937 quomodo
1247 1867 1425 1938 acciperent

252 1964 402 2030 leomines,
431 1978 535 2035 quom
555 1962 724 2036 probabilis
751 1964 915 2021 necessitas
935 1959 1046 2036 sutura
1070 1967 1153 2036 esset,
1177 1978 1307 2021 uereor
1330 1963 1422 2020 etium

251 2077 342 2133 nnnc,
356 2053 513 2117 eiusmodi
527 2053 799 2138 interrogationes
814 2076 833 2118 a
846 2054 952 2118 verbis
971 2054 1106 2118 timendi
1120 2054 1296 2137 pendentes
1316 2054 1422 2118 locum

250 2152 372 2216 habent
395 2151 427 2214 in
451 2171 598 2216 sermone
622 2151 801 2215 cottidiano
820 2150 1223 2236 ideoquefrequentantur
1242 2175 1261 2215 a
1280 2152 1421 2244 comicis,

251 2272 289 2315 ex
317 2251 432 2335 quibus
462 2249 565 2312 multa
589 2251 754 2333 congessit
777 2248 932 2333 ‘exempla
961 2248 1122 2314 Beckerus
1149 2251 1183 2312 in
1212 2246 1423 2314 Studemundi

249 2347 360 2412 ‘stud'
380 2344 396 2408 I
415 2369 445 2430 p.
465 2346 541 2431 206,
561 2349 593 2409 et
615 2345 690 2410 inde
713 2349 915 2430 propagatae
934 2347 1142 2412 inveniuntur
1159 2369 1226 2412 non
1244 2347 1291 2410 ita
1310 2347 1421 2429 paucis

250 2445 331 2509 locis
355 2444 440 2528 apud
464 2440 669 2528 Ciceronem,
697 2444 754 2508 sed
783 2444 816 2507 in
844 2445 890 2508 eis
918 2443 1089 2528 praecipue
1112 2444 1220 2521 libris,
1243 2444 1277 2506 in
1307 2445 1422 2528 quibus

249 2543 320 2625 plus
340 2541 427 2606 dedit
450 2543 609 2606 sermonis
638 2541 806 2605 familiaris
833 2541 1065 2623 consuetudini,
1093 2563 1186 2606 rarae
1211 2545 1319 2605 autem
1340 2539 1423 2605 'sunt

249 2639 335 2722 apud
358 2642 481 2704 ceteros
506 2640 693 2723 scriptores3
718 2639 774 2703 eir.
789 2639 971 2724 Draegerus
991 2638 1024 2702 II
1042 2662 1073 2722 p.
1092 2639 1167 2723 485,
1186 2639 1237 2702 cui
1257 2639 1337 2703 adde
1356 2636 1421 2702 Oia.

249 2760 278 2821 p.
298 2736 366 2800 Mil.
386 2737 426 2799 it
453 2739 485 2799 et
508 2757 539 2818 p.
558 2734 664 2802 Deiot.
684 2738 715 2820 4,
734 2736 801 2800 Liv.
820 2734 947 2800 XXVII
964 2737 1017 2820 47,
1037 2737 1066 2801 5.

338 2833 522 2898 Admodum
549 2855 623 2900 rara
650 2857 723 2924 non⁸
743 2836 846 2900 solum
876 2833 967 2917 apud
990 2832 1130 2916 optimos
1154 2834 1342 2917 scriptores,
1365 2833 1421 2898 sed

251 2932 349 2997 etiam
374 2931 458 3014 apud
487 2934 633 3014 posteros
662 2935 711 2996 est
735 2954 803 2997 cnm
831 2931 1010 3016 particulae
1040 2953 1112 2994 cum
1135 2932 1310 3002 indicativo
1334 2932 1422 3016 plus-

249 3029 484 3114 quamperfecti
516 3030 698 3094 coniunctio
737 3027 807 3115 (cfr.
836 3028 1050 3094 Hoffmannus
1078 3028 1099 3091 l.
1128 3029 1148 3092 l.
1177 3050 1207 3111 p.
1232 3029 1296 3092 104
1321 3051 1362 3093 ss.
1390 3031 1423 3091 et

249 3126 448 3193 Schmalzius
463 3130 546 3211 synt
560 3150 591 3210 p.
605 3125 695 3214 348),
714 3129 804 3192 cuius
823 3150 923 3192 unum
944 3126 1028 3211 apud
1044 3123 1189 3190 Caelium
1209 3130 1297 3190 extat
1316 3148 1421 3190 exem·

248 3225 337 3308 plum
356 3223 437 3288 VIII
455 3225 485 3304 9,
503 3225 524 3289 2
543 3231 599 3288 llus
618 3232 736 3290 litteras
756 3248 783 3290 o.
804 3233 831 3289 d.
845 3224 893 3290 IV
913 3231 987 3288 Non.
1007 3229 1086 3304 Sept.
1107 3230 1186 3303 dedi,
1206 3244 1274 3288 cnm
1293 3230 1336 3288 od
1352 3245 1420 3287 eorn

248 3329 326 3386 diem
349 3344 388 3385 ne
407 3328 605 3401 prosltpntnm
628 3330 749 3400 quidem
772 3331 933 3402 quicquum
957 3332 1032 3386 erut.

335 3419 692 3503 Plusquamperfeetum
716 3421 858 3505 logicum
882 3420 1025 3504 sequitur
1046 3429 1205 3498 postpnorn
1229 3420 1420 3502 particulam

249 3516 328 3582 VIII
347 3517 376 3599 8,
395 3515 416 3578 2
436 3521 477 3579 M.
494 3522 640 3582 Seruilius
656 3529 815 3598 postquam
835 3569 841 3582 .
861 3569 868 3582 .
888 3523 1024 3582 omnibus
1043 3523 1074 3579 in
1093 3523 1184 3580 rebus
1203 3523 1348 3581 turbaret
1365 3538 1421 3580 nec

247 3621 329 3692 qnod
350 3635 410 3678 non
434 3620 578 3679 uenderet
604 3623 766 3694 quicquum
794 3623 963 3694 reliqueret
989 3621 1199 3692 moxirnoeone
1228 3614 1350 3693 [nobis]
1376 3620 1420 3676 in·

248 3707 386 3796 oidlne¹)
407 3717 539 3775 traditus
563 3724 632 3776 erol
654 3735 679 3778 e.
700 3737 729 3798 q.
749 3735 783 3798 s.,
802 3735 865 3797 quo
889 3713 960 3776 loco
984 3732 1042 3795 per
1065 3716 1221 3795 lnrlcrul,
1244 3719 1420 3789 reliquerat,

223 3807 380 3873 'trodilns
410 3819 480 3872 erut
509 3809 711 3892 significatur
738 3831 789 3875 res
817 3810 907 3893 prius
940 3809 1070 3892 incepta
1098 3808 1226 3892 iamque
1256 3810 1295 3875 ad
1324 3810 1420 3873 finem

248 3907 411 3990 perducta.
457 3910 635 3971 ceterorum
661 3907 853 3991 scriptorum
879 3906 1024 3990 exempla
1048 3905 1119 3969 vide
1143 3906 1229 3990 apud
1252 3905 1418 3970 Hoffman-

246 4027 324 4069 num
348 4006 367 4070 l.
388 4003 408 4067 l.
427 4026 456 4086 p.
477 4005 519 4068 26
539 4027 580 4070 ss.
604 4010 637 4069 et
659 4004 873 4070 Schmalzium
898 4009 983 4089 synt.
1003 4029 1032 4090 p.
1053 4004 1127 4068 343.

339 4101 388 4164 Ad
408 4122 589 4166 sermonem
608 4104 775 4187 vulgarem
800 4102 949 4167 accedere
968 4101 1095 4165 videtur
1113 4099 1195 4164 VIII
1216 4101 1265 4177 16,
1285 4101 1305 4162 3
1326 4105 1420 4183 dum,

247 4205 324 4277 quill
351 4205 389 4263 de
418 4203 574 4278 Hispaniis
604 4223 746 4279 opomns,
776 4208 908 4278 scitur,
939 4210 1087 4280 ceperim
1119 4199 1166 4262 ita
1197 4197 1282 4260 enim
1314 4198 1421 4261 solent

319 4421 345 4486 1)
365 4416 413 4470 cfr.
433 4433 505 4485 quae
524 4416 583 4470 dixi
602 4417 636 4472 de
655 4419 788 4474 hocloco
807 4436 834 4487 p.
849 4424 884 4472 22
899 4435 920 4473 s.
