3192 5024
698 329 919 394 „52-

222 495 315 581 Kopf
336 494 387 559 dir
413 515 510 558 warm
532 513 640 578 genug
667 492 735 556 sein
760 490 857 576 mag’,
880 489 973 554 eund.
989 489 1029 554 ad
1043 487 1119 552 fam.
1143 487 1208 552 VH
1229 488 1320 571 10,2
1348 510 1399 552 uos

225 618 307 660 nunc
332 600 401 658 istic
424 598 499 655 satis
518 599 620 654 catere
643 596 744 667 audio,
769 587 867 652 ‘heiss
892 609 1000 674 genug
1024 584 1236 651 bekommen'.

313 697 510 769 conplaciare
537 686 619 751 VIII
643 689 673 772 6,
695 689 715 750 3
743 693 869 750 Curioni
890 699 993 750 nostro
1016 691 1190 749 tribunatus
1213 693 1395 764 conplaciat,

226 792 333 856 ‘friert
357 789 417 869 ein,
442 786 521 870 geht
551 785 702 868 unthatig
724 782 889 867 vorsrber'3
914 784 1011 846 simili
1035 783 1134 846 verbo
1158 785 1261 847 utitur
1285 781 1398 846 Cicero

225 889 335 954 Caelio
364 883 561 967 respondens
592 905 640 964 ep.
664 882 704 944 ad
731 881 808 946 fam.
832 879 940 963 11'13,
966 883 986 946 3
1020 888 1236 958 conpetasse
1263 891 1399 944 nostrum

226 993 356 1052 anticum
380 987 520 1047 laetabar
542 987 619 1053 otio;
647 980 803 1043 inusitate
826 982 933 1042 tamen
965 983 998 1042 et
1020 978 1081 1042 hoc
1105 981 1137 1040 et
1160 978 1239 1042 illud
1262 980 1397 1042 verbum

226 1085 420 1148 translatum
431 1083 490 1162 est,
503 1081 540 1141 ut
554 1077 597 1139 sit
607 1079 819 1156 resripesccre,
831 1080 960 1156 [ripere
975 1076 1060 1161 quod
1071 1073 1200 1139 Caelius
1216 1077 1285 1160 ipse
1299 1076 1399 1141 habet

226 1181 307 1245 VIII
319 1178 378 1262 o‚5
393 1183 553 1240 Curionem
562 1178 794 1254 uotdesripere;
809 1175 867 1238 cir.
877 1175 975 1238 etiam
985 1172 1037 1238 W.
1048 1172 1338 1258 Haeggstroemius
1349 1173 1400 1238 ‘de

227 1280 352 1362 aliquot
365 1274 568 1338 translation.
580 1271 724 1336 Ciceron.
735 1269 929 1356 generibus’,
945 1271 1018 1334 diss
1029 1270 1142 1355 Upsal.
1153 1293 1180 1334 a.
1197 1272 1292 1356 1861,
1305 1296 1336 1357 p.
1349 1274 1399 1336 13.

317 1380 501 1438 contristare
529 1369 719 1435 ‘betruben'
748 1370 880 1433 verbum
911 1370 952 1432 ab
981 1369 1177 1455 optimorum
1207 1371 1398 1453 scriptorum

227 1497 285 1536 usu
316 1472 455 1536 alienum
484 1469 623 1552 primum
652 1467 734 1551 apud
766 1465 910 1530 Caelium
939 1470 1103 1547 comparet
1130 1466 1211 1531 VIII
1230 1468 1300 1550 9,5
1328 1491 1398 1532 con·

225 1577 357 1634 tristauit
375 1568 452 1631 daec
470 1572 620 1628 sententia
640 1568 767 1628 Battum
786 1570 965 1644 Cornelium,
985 1566 1112 1647 saepius
1131 1566 1294 1628 invenitur
1313 1566 1399 1649 apud

226 1672 373 1752 posteros
393 1668 429 1727 ut
448 1660 669 1745 Columellam,
689 1661 842 1726 Senecam
864 1661 950 1746 phil,
974 1662 1112 1725 Plinium
1132 1683 1162 1726 n.
1181 1661 1221 1743 h,
1240 1662 1398 1727 Rutilium

227 1767 363 1847 Lupum,
385 1762 419 1824 in
442 1760 556 1844 primis
580 1760 612 1822 in
632 1760 789 1845 Vulgata,
813 1760 869 1823 cfr.
893 1759 1002 1823 Antib.
1027 1782 1052 1821 s,
1076 1781 1102 1824 v,
1128 1762 1160 1821 et
1184 1759 1397 1843 Lanrlgrafius

229 1863 333 1927 annal.
358 1881 502 1944 gymnas.
526 1857 638 1920 Bavar.
659 1856 738 1920 XVI
761 1882 791 1940 p.
814 1857 889 1921 278.

315 1965 473 2037 corripere
495 1977 553 2038 per
566 1955 811 2019 translationem
828 1955 943 2017 dicItur
963 1951 1087 2016 ‘saliari
1097 1953 1218 2017 tadeln’
1239 1953 1319 2018 VIII
1332 1957 1361 2038 2,
1379 1959 1395 2018 1

226 2061 409 2121 ctarnoribus
428 2059 567 2116 muniatis
587 2059 704 2115 iudices
726 2059 943 2130 corripuerunt
961 2048 1052 2137 (ibid.
1071 2053 1101 2135 9,
1122 2053 1139 2116 1
1160 2060 1396 2131 expectationem

225 2160 367 2232 corripit,
401 2154 434 2214 at
464 2149 519 2213 cfr.
549 2171 628 2232 quae
662 2148 798 2212 dixImus
826 2172 856 2233 p.
884 2150 963 2234 46),
989 2150 1101 2213 eadem
1134 2149 1265 2213 notione
1298 2153 1397 2215 semel

226 2253 314 2314 extat
337 2248 421 2333 apud
446 2245 614 2312 Caesarem
639 2247 670 2310 b.
689 2269 713 2311 e.
733 2244 788 2311 12
816 2269 916 2311 onincs
940 2254 1076 2312 conuicio
1105 2255 1236 2311 consutis
1263 2255 1401 2328 correpti

226 2353 479 2426 ecapitabontur,
508 2344 696 2428 saepissime
725 2348 834 2409 autem
863 2346 947 2429 apud
979 2347 1174 2409 recentiores
1208 2345 1396 2429 scriptores3

230 2445 342 2510 Cicero
366 2445 464 2507 verbo
488 2465 553 2506 non
572 2443 674 2506 utitur
698 2444 761 2506 nisi
785 2445 915 2528 propria
940 2444 1185 2528 significatione,
1209 2443 1264 2506 eir.
1286 2443 1397 2508 Antib.

226 2542 397 2627 etGeorg.
422 2563 447 2605 e.
474 2564 501 2604 v.

315 2645 456 2703 cruciari
473 2635 600 2701 (laelius
616 2639 757 2703 comicos
773 2659 1017 2721 sermonemque
1032 2638 1245 2703 cottidianum
1266 2644 1397 2703 secutus

228 2735 314 2820 (vide
340 2734 457 2818 Georg.
477 2757 500 2798 s
524 2733 567 2821 v.)
596 2736 643 2798 ita
674 2736 782 2819 ponit,
815 2739 851 2800 ut
879 2736 942 2798 vim
972 2736 1069 2822 medii
1092 2735 1212 2799 habeat
1235 2734 1316 2800 ‘sich
1344 2737 1397 2800 ab·

226 2834 352 2916 quiden,
372 2831 555 2915 abmtihen',
575 2829 701 2916 VIIII,
718 2834 735 2896 1
756 2839 794 2895 de
813 2838 883 2896 betti
901 2837 1042 2896 Parthici
1060 2839 1199 2912 periculo
1222 2839 1396 2913 cruciator,

225 2954 263 2994 ne
286 2953 312 2994 e.
332 2953 360 3014 q.
381 2953 418 3012 s.;
447 2929 557 2992 eodem
582 2929 676 2993 modo
704 2930 805 2994 locuti
829 2936 905 2994 sunt
928 2929 1038 2995 Cicero
1066 2953 1126 3014 pro
1150 2930 1232 2994 Mur.
1253 2931 1294 2995 88
1319 2954 1398 3009 pune

225 3035 337 3092 inisero
361 3024 491 3112 (mater)
621 3049 703 3092 nunc
732 3036 892 3092 cruciatur
922 3041 951 3092 et
973 3036 1103 3093 sollicita
1127 3040 1183 3111 est,
1210 3051 1248 3092 ne
1271 3051 1296 3092 e.
1316 3052 1345 3114 q.
1365 3053 1398 3114 s,

226 3123 348 3188 Balbus
382 3147 430 3207 ap.
451 3121 514 3187 (lic.
539 3123 577 3186 ad
604 3122 1032 3209 savilianensi
1060 3138 1149 3206 putes
1176 3132 1233 3189 troc
1265 3135 1398 3206 ternpore

221 3229 290 3300 ptus
313 3243 360 3286 rne
383 3241 560 3300 quemquern
585 3229 732 3300 cruciari,
757 3223 828 3307 alii,
853 3224 907 3287 efr.
932 3223 1082 3308 Meyerus
1101 3224 1120 3287 l.
1139 3225 1159 3286 l.
1178 3246 1208 3306 p.
1229 3223 1280 3288 35.

316 3326 460 3384 decutere
482 3319 579 3402 paulo
603 3319 794 3384 insolentius
814 3321 1016 3403 transfertur,
1041 3324 1076 3384 ut
1095 3320 1138 3383 sit
1162 3334 1307 3384 excutere
1326 3318 1397 3407 (afr.

225 3415 397 3498 Naegelsb.
421 3439 450 3498 p.
474 3413 555 3502 426)
580 3415 663 3480 VIlI
685 3417 773 3501 13,1
800 3429 905 3482 cetero
925 3441 1021 3499 porro
1121 3430 1221 3482 aetate
1246 3427 1305 3482 iarn
1328 3431 1398 3483 sunt

227 3518 355 3577 decusso
379 3514 473 3592 [corr.
493 3511 602 3578 Coluo.
623 3512 771 3600 Salutat.;
795 3515 877 3579 Med.
897 3523 935 3581 de
958 3518 1080 3601 cuusu];
1110 3517 1229 3598 pariter
1254 3517 1396 3581 Asianus

224 3609 289 3674 fab.
311 3609 358 3674 XI
385 3610 425 3673 12
453 3631 513 3674 non
541 3618 629 3674 tirnor
657 3635 696 3676 en
724 3619 824 3677 anirno
857 3621 1056 3678 decutiendus
1085 3615 1307 3694 [discutiendus
1331 3616 1395 3697 al.],

225 3706 374 3771 similiter
401 3705 520 3773 Seneca
549 3731 633 3772 cons.
664 3709 704 3773 ad
732 3709 830 3775 Marc.
854 3713 904 3794 18,
925 3713 944 3776 8
969 3718 1012 3775 ad
1039 3718 1072 3774 id
1098 3733 1157 3775 non
1186 3717 1327 3795 accedes,
1357 3735 1397 3775 en

224 3825 283 3881 quo
307 3811 363 3868 titi
384 3811 503 3883 aliquid
524 3812 628 3869 decuti
650 3813 731 3870 dotes
754 3804 886 3892 (Georg.
906 3832 930 3872 s.
951 3807 1000 3891 u).

314 3908 440 3979 deicere,
468 3903 551 3985 quod
576 3903 694 3966 dieitur
717 3904 744 3966 si
769 3904 839 3986 quis
871 3910 927 3969 aut
949 3906 1071 3968 honore
1101 3910 1157 3969 aut
1183 3905 1316 3972 honoris
1341 3931 1396 3991 spe

226 3998 404 4082 depellitur,
422 4000 610 4064 inusitatius
631 4001 777 4064 absolute
795 4001 937 4083 positum
956 4004 1005 4065 est
1020 4001 1100 4066 VIII
1114 4003 1180 4086 4,3
1200 4007 1241 4067 M.
1266 4009 1395 4067 Coelium

231 4099 442 4161 Vincinianurn
471 4104 579 4160 mentio
608 4104 660 4161 itta
685 4100 776 4176 fatua
874 4103 971 4162 subito
996 4105 1122 4175 deiecit;
1153 4101 1242 4163 cuius
1267 4101 1394 4183 quidem

226 4215 303 4256 usus
324 4215 422 4256 unum
442 4193 536 4257 modo
557 4197 725 4275 praeterea
744 4196 924 4276 exemplum
945 4195 1137 4280 deprehendi
1164 4198 1246 4278 apud
1269 4198 1393 4261 bivium

223 4289 395 4354 XXXVIII
416 4292 504 4374 35,1
535 4312 603 4354 cunt
628 4297 851 4355 Maamilium
876 4297 1020 4372 Lepidurn
1045 4301 1197 4357 inimicum
1221 4315 1254 4356 eo
1278 4316 1396 4372 atroque

224 4407 305 4450 anno
329 4393 494 4452 deiecisset.
