3192 5024
721 335 937 398 ..28-

246 490 329 573 vult3
352 511 455 574 neque
478 491 564 555 enim
587 513 777 576 progressus
795 494 834 558 fit
853 494 1019 575 orationis,
1041 495 1097 558 sed
1120 495 1231 558 eadem
1253 515 1316 576 res,
1333 515 1417 577 quae
1527 505 1530 508 ’

245 587 280 650 in
306 588 413 670 priore
441 589 610 654 enuntiato
633 590 826 674 generatim,
854 591 1046 674 singillatim
1072 595 1223 656 narratur
1245 592 1280 655 in
1302 591 1417 675 altero,

246 687 283 749 ut
306 687 423 750 mutati
446 686 603 769 temporis
626 687 711 751 ratio
733 687 826 751 nulla
849 687 1002 753 videatur.

333 783 496 867 Antiquos
510 787 544 848 et
557 785 700 868 vulgaris
720 785 760 850 ab
775 785 969 870 optimisque
984 787 1195 870 scriptoribus
1208 787 1277 851 fere
1290 787 1415 850 alienus

245 884 296 945 est
318 903 396 946 usus
415 882 470 946 ille
489 904 552 966 quo
572 883 712 947 secunda
730 905 869 967 persona
886 885 1082 949 coniunctivi
1101 885 1140 948 de
1159 885 1302 949 subiecto
1321 885 1415 949 finito

244 1001 305 1061 pro
318 979 510 1063 imperativo
525 979 669 1063 ponitur;
688 979 744 1045 cfr.
759 980 942 1066 Dracgerus
956 980 972 1044 I
986 1005 1016 1065 p.
1031 983 1098 1047 310
1112 1005 1138 1046 s.
1167 985 1201 1048 et
1215 981 1416 1046 Schmalzius

245 1080 331 1159 synt.
350 1101 380 1161 p.
404 1077 478 1142 257.
524 1078 569 1160 sic
593 1077 720 1144 Caelius
743 1078 825 1144 dixit
842 1077 923 1144 VIII
942 1080 963 1143 4
982 1085 1061 1144 extr.
1083 1088 1159 1159 qnia
1179 1086 1255 1177 milii
1274 1087 1416 1156 suadeas,

245 1181 391 1252 qaanwaa
415 1197 543 1254 reanum
570 1183 647 1241 illaa
666 1199 700 1241 sc
722 1183 846 1255 habeat,
876 1184 944 1255 aaa
967 1189 1128 1257 procuret,
1159 1184 1321 1256 diligenter
1342 1183 1419 1240 milri

243 1278 468 1351 perscribas.

334 1367 480 1432 Fuerunt
509 1370 565 1452 qui
594 1371 786 1434 auctoritate
813 1369 949 1435 Medicei
980 1372 1048 1436 nixi
1077 1371 1223 1438 Caelium
1253 1372 1287 1436 in
1317 1371 1415 1436 inter·

244 1467 414 1551 rogatione
437 1467 569 1551 obliqua
589 1465 668 1532 VIII
689 1468 739 1551 15,
761 1470 788 1550 1,
810 1468 867 1531 ubi
889 1468 942 1533 hic
965 1469 1064 1534 codex
1087 1471 1222 1555 praebet
1245 1477 1332 1534 immo
1340 1468 1366 1554 ¹)
1389 1477 1418 1534 si

245 1572 339 1642 scias,
362 1587 453 1643 qaam
475 1572 622 1630 sollicitas
644 1587 732 1648 sam,
758 1566 935 1631 indicativo
963 1591 1056 1633 usum
1084 1591 1154 1633 esse
1178 1567 1418 1634 contenderent.

246 1662 293 1726 sic
317 1660 495 1747 Weiskius‚
523 1662 676 1745 Orellius‚
704 1663 886 1748 Draegerus
910 1665 944 1728 ΙΙ
968 1688 997 1749 p.
1022 1668 1096 1731 474.
1134 1666 1189 1730 sed
1217 1666 1335 1730 fefaIIIt
1362 1687 1417 1732 eos

247 1759 368 1844 opinio,
380 1761 565 1845 frustraque
579 1760 739 1826 Lambino
752 1769 809 1826 sim
822 1762 998 1846 corrigenti
1012 1765 1168 1850 refragati
1183 1768 1267 1828 sunt.
1295 1785 1371 1827 nam
1381 1768 1419 1829 ut

246 1857 373 1922 mittam
397 1857 543 1924 Caelium
566 1860 672 1942 ipsum
695 1864 781 1925 recte
803 1860 960 1924 dicentem
979 1861 1060 1928 VIII
1079 1864 1146 1941 9‚1
1172 1870 1260 1927 imma
1283 1868 1311 1926 si
1327 1868 1418 1940 scias,

246 1979 337 2035 qaam
357 1960 460 2036 facile,
480 1980 571 2036 qaram
588 1981 627 2022 nc
645 1965 844 2023 contentionis
862 1965 984 2036 quidem
1002 1966 1144 2024 minimae
1162 1963 1296 2038 faerit,
1319 1959 1418 2024 etiem

246 2057 369 2118 veteres
384 2055 567 2139 scriptores,
585 2055 625 2119 ad
644 2077 780 2139 quorum
798 2055 846 2118 illi
860 2077 955 2120 usum
968 2056 1145 2141 refugiunt,
1158 2057 1186 2120 si
1200 2057 1234 2120 in
1249 2057 1417 2124 enuntiato

245 2151 401 2235 primario
419 2153 644 2218 coniunctivus
666 2153 808 2236 ponitur,
828 2153 861 2215 in
886 2154 1142 2240 interrogatione
1161 2155 1316 2239 pendenti
1336 2156 1418 2219 indi-

246 2249 352 2315 cativo
379 2272 512 2335 prorsus
541 2251 718 2330 abstinent3
742 2250 797 2314 cfr.
819 2249 924 2316 Plaut
948 2250 1040 2318 Cure.
1065 2253 1127 2317 321
1159 2259 1246 2316 immo
1273 2259 1302 2316 si
1327 2259 1417 2334 scias,

246 2354 383 2426 reliquae
406 2356 575 2433 quaesiui,
598 2348 725 2413 Terent.
744 2348 826 2412 Eun.
845 2348 911 2414 355
934 2356 1022 2415 imina
1045 2357 1287 2429 siracusanae
1308 2357 1418 2414 donam

245 2451 318 2510 haic
350 2453 428 2511 dano
460 2457 570 2512 cantra
593 2457 756 2527 comparet,
784 2445 900 2512 Heaut
921 2449 986 2513 764
1009 2460 1042 2513 at
1063 2456 1093 2512 si
1116 2456 1206 2525 scias,
1229 2471 1320 2528 qaam
1342 2456 1419 2513 scite

247 2550 428 2609 inmeritam
455 2553 583 2622 cenarit,
613 2545 668 2609 alii
696 2545 757 2610 loci
786 2545 913 2609 collecti
936 2569 956 2610 a
980 2546 1124 2612 Beckero
1147 2547 1182 2611 in
1207 2545 1419 2612 Studemundi

247 2639 344 2706 ‘stud
362 2642 395 2705 in
418 2643 513 2726 prisc.
533 2643 641 2725 script
661 2642 716 2707 lat.
735 2641 817 2706 coll’
838 2643 901 2707 vol.
919 2643 935 2705 I
954 2666 984 2726 p.
1003 2645 1067 2707 247
1090 2666 1115 2708 s,
1138 2643 1223 2727 quod
1247 2645 1354 2707 autem
1378 2664 1418 2706 ne

247 2738 378 2804 comicis
405 2739 533 2823 quidem
562 2744 837 2824 concessumst,
864 2739 898 2802 id
926 2743 962 2803 ut
990 2740 1075 2822 apud
1104 2739 1248 2805 (laelium
1276 2739 1418 2804 feramus

247 2837 337 2902 nullo
360 2859 492 2921 prorsus
516 2837 612 2903 modo
640 2839 711 2904 fieri
738 2842 854 2923 potest.
878 2838 1020 2901 ceterum
1045 2859 1142 2920 quam
1166 2837 1210 2900 sit
1236 2835 1327 2899 nulla
1350 2835 1416 2898 fere

246 2933 281 2997 in
302 2933 363 2999 hac
386 2957 421 2999 re
444 2935 580 3001 Medicei
603 2937 791 3018 auctoritas,
819 2933 956 2998 dilucide
983 2932 1058 2996 inde
1087 2932 1307 3016 cognoscitur,
1331 2930 1416 3014 quod

247 3031 281 3095 in
296 3032 439 3098 eiusdem
453 3034 719 3119 interrogationis
732 3034 881 3118 obliquae
895 3031 1040 3094 membro
1056 3030 1156 3095 altero
1171 3033 1255 3093 recte
1266 3027 1417 3093 coniunc-

248 3129 345 3215 tivus‚
364 3131 466 3196 altero
485 3131 569 3197 falso
589 3132 783 3198 indicativus
803 3131 844 3195 ab
864 3130 925 3194 hoc
944 3128 1052 3192 codiee
1071 3127 1241 3193 exhibetur
1257 3126 1337 3190 VIII
1355 3127 1417 3206 1‚2
1525 3183 1530 3192 .

247 3237 495 3306 quenadmodum
527 3242 629 3296 actam
656 3239 696 3295 sit
722 3242 751 3295 ct
775 3252 854 3308 qaae
881 3233 1064 3292 existimatio
1091 3235 1196 3289 secata
1219 3247 1357 3302 quaeqae
1380 3233 1418 3291 de

248 3349 283 3391 ca
305 3350 373 3407 spes
395 3335 435 3391 sit
459 3330 515 3408 [est
538 3328 636 3408 Med]
662 3332 694 3392 et
717 3327 791 3390 ibid.
811 3327 840 3408 3,
859 3326 879 3389 3
899 3330 981 3403 qaod
998 3330 1130 3386 manime
1148 3330 1310 3387 conveniat
1333 3327 1417 3404 [con-

248 3432 329 3488 aenit
346 3424 437 3511 Med,
456 3426 511 3490 cfr.
531 3425 683 3490 Weseub.
703 3423 825 3490 emend.
844 3446 874 3507 p.
894 3421 949 3506 99]
970 3426 1167 3504 excogitatis,
1184 3443 1299 3498 accere
1318 3433 1418 3486 tamen

248 3530 330 3600 qaod
351 3534 381 3587 et
399 3571 407 3590 .
426 3572 432 3588 .
452 3530 628 3604 ‚pertineat
651 3535 680 3587 et
699 3570 706 3586 .
726 3571 732 3586 .
752 3571 759 3586 .
778 3527 898 3586 habeat.

338 3621 385 3685 De
400 3619 674 3686 consecutione
688 3622 901 3702 temporum
914 3617 995 3682 haec
1005 3617 1311 3682 commemoratione
1321 3618 1419 3702 digna

248 3718 411 3784 videntur:

337 3816 489 3902 Tempori
514 3815 679 3900 praesenti
702 3813 831 3880 Caclius
855 3805 1077 3878 coniunctivos
1102 3811 1283 3894 imperfecti
1312 3812 1418 3876 subie-

248 3916 292 3979 cit
310 3914 392 3979 VIII
414 3915 499 3997 10,1
526 3921 583 3979 tac
606 3920 752 3991 qnomaao
781 3919 1000 3992 acciperent
1021 3917 1167 3987 homines,
1191 3932 1282 3988 qaam
1306 3915 1417 3990 proba-

249 4019 316 4077 bilis
346 4019 510 4078 necessitas
537 4015 673 4091 satura
704 4022 811 4086 essct,
842 4031 975 4074 vereor
1005 4015 1096 4072 ctiam
1125 4030 1218 4085 nanc,
1250 4029 1314 4091 quo
1347 4007 1418 4070 loco

249 4131 356 4174 vereor
387 4117 478 4174 etiarn
509 4131 591 4174 nanc
621 4109 843 4193 significanter
873 4108 919 4172 ita
949 4106 1069 4170 dictum
1105 4127 1175 4169 esse
1206 4105 1351 4188 adparet,
1381 4106 1419 4167 ut

249 4207 357 4292 aliqua
386 4212 539 4291 exparte
570 4207 669 4272 etiam
700 4205 879 4290 imperfecti
907 4204 973 4269 vim
1002 4204 1178 4287 contineat3
1208 4202 1303 4266 simul
1332 4202 1418 4265 euim

324 4429 348 4498 1)
368 4425 432 4480 vide
451 4426 525 4481 infra
542 4446 569 4500 p.
585 4432 627 4484 34.
