3192 5024
641 359 855 422 ...25-

160 525 304 584 euercitu
328 540 407 583 esses
430 520 463 614 et
481 518 558 582 ibid.
580 519 629 602 14,
651 519 666 581 1
692 523 743 581 Cu.
762 523 910 582 Domitius
929 540 1015 584 reum
1035 521 1112 598 secit
1135 515 1207 602 (Cn.
1227 515 1336 582 Satur-

160 617 277 680 ninum
297 614 561 701 adulescentem),
583 637 750 694 coaequum
771 623 930 695 superiore
952 638 972 680 a
995 623 1057 680 uita
1076 622 1271 690 inuidiosum
1299 615 1337 678 de

161 713 226 776 hcc
250 733 368 797 genere
392 713 517 776 dicendi
541 713 682 778 sermoni
705 713 873 795 familiari,
898 716 936 776 nt
958 713 1095 796 videtur,
1118 713 1252 797 proprio
1277 709 1337 798 (in-

70 831 77 844 ·
162 810 296 876 venitur
313 810 398 874 enim
417 811 502 894 apud
522 811 672 894 comicos,
690 811 725 874 in
744 811 893 894 epistulis
909 808 1074 876 Ciceronis
1094 814 1127 876 et
1145 811 1338 895 aequalium,

162 908 251 992 apud
275 906 472 973 Frontonem
504 912 536 972 et
567 905 723 993 Gellium)
755 907 829 974 vide
861 930 942 991 quae
972 912 1047 993 post
1080 908 1161 976 alios
1190 908 1339 992 exposuit

162 1004 364 1071 Schmalzius
388 1010 473 1090 synt.
492 1029 519 1090 p.
540 1006 615 1072 293.

253 1100 306 1166 Ad
336 1103 581 1169 similitudinem
613 1103 842 1169 adiectivorum
872 1126 954 1187 quae
978 1107 1056 1170 sunt
1079 1113 1211 1190 iuteuer,
1231 1127 1339 1189 purus,

163 1225 294 1281 uacuus,
327 1202 466 1267 aliorum
498 1201 530 1265 id
564 1190 664 1285 genus
698 1199 770 1285 (cfr.
793 1199 976 1285 Draegerus
1003 1203 1072 1286 Ip.
1098 1201 1177 1289 620)
1210 1200 1339 1268 Caelius

163 1301 299 1384 primus,
314 1300 399 1385 qnod
416 1299 526 1383 sciam,
541 1293 699 1364 adiectivd
714 1307 846 1364 intactus
861 1301 1133 1385 praepositionem
1154 1307 1193 1366 ab
1208 1300 1340 1364 subiun-

163 1399 213 1462 xit
242 1396 323 1462 VIII
343 1399 410 1481 2,1
442 1403 575 1462 intactus
602 1403 641 1461 ab
674 1403 778 1471 sibilo;
809 1398 929 1481 pariter
962 1396 1093 1464 Curtius
1117 1399 1164 1464 IV
1189 1399 1280 1480 6,12
1308 1409 1342 1461 ut

166 1507 235 1560 erut
259 1517 318 1560 uon
343 1502 478 1560 iutuctue
505 1517 524 1558 a
547 1501 762 1573 superstitione
784 1502 891 1560 mentis
920 1495 1258 1578 etlustinus113,1
1284 1503 1344 1574 ipsi

164 1589 335 1678 (Scythae)
346 1603 495 1673 perpetuo
505 1597 544 1657 ut
559 1599 659 1657 alieno
669 1599 796 1672 imperio
812 1605 866 1657 aut
883 1600 993 1660 intacti
1006 1607 1060 1659 uut
1074 1601 1180 1658 iuuicti
1192 1616 1340 1662 muusere.
1406 1609 1411 1618 ·

252 1689 510 1773 Praepositionis
542 1695 580 1754 de
606 1688 654 1753 ita
685 1691 823 1772 positae,
856 1693 894 1753 ut
924 1690 1010 1754 idem
1042 1691 1150 1755 valeat
1178 1713 1215 1756 ac
1243 1689 1340 1773 ‘quod

164 1788 282 1853 attinet
310 1786 362 1852 ad'
391 1784 461 1871 (cfr.
484 1785 669 1870 Madvigius
697 1788 738 1851 ad
762 1785 827 1852 Cic.
850 1787 889 1851 de
920 1788 974 1852 fin.
993 1788 1043 1852 III
1062 1789 1103 1852 57
1134 1792 1166 1852 et
1193 1786 1341 1852 Handius

165 1885 257 1950 Turs.
272 1883 305 1947 II
324 1907 353 1968 p.
370 1885 445 1967 214,
465 1882 554 1968 218),
572 1882 652 1948 haec
672 1885 821 1968 exempla
839 1886 984 1950 notanda
1004 1885 1161 1968 videntur,
1180 1883 1306 1967 VIIIC,
1323 1885 1339 1948 1

164 1989 292 2047 liberius
316 1987 372 2046 tibi
394 1988 432 2046 de
455 1992 518 2045 tota
540 2003 576 2046 re
599 1993 684 2059 esset,
708 2004 848 2066 quocum
872 1987 946 2067 apte
969 1982 1153 2048 conferetur
1177 1980 1341 2047 Ciceronis

164 2080 246 2144 illud
271 2079 311 2142 ad
335 2078 409 2158 fam.
428 2077 493 2160 19,
514 2078 555 2142 10
583 2090 617 2142 ut
644 2086 795 2158 iuteurum
823 2087 899 2145 miti
925 2088 963 2146 de
990 2103 1086 2147 causa
1118 2085 1273 2160 Campana
1301 2085 1344 2143 ud

166 2199 254 2242 suum
268 2183 400 2241 reditum
415 2197 615 2253 reservarem,
629 2199 727 2260 porro
742 2178 817 2242 ibid.
830 2180 859 2262 7,
877 2181 892 2242 1
910 2186 948 2243 de
962 2185 1033 2244 beiti
1047 2185 1189 2243 Parthici
1202 2184 1342 2258 periculo

167 2281 345 2351 cruciabor,
368 2295 407 2338 ue
425 2295 451 2337 e.
472 2295 501 2356 q.
521 2295 554 2352 a,
579 2273 619 2336 ad
643 2296 739 2357 quem
758 2277 863 2340 locum
883 2277 939 2341 cfr.
958 2276 1052 2342 Bruti
1072 2280 1103 2341 et
1123 2275 1227 2340 Cassii
1250 2275 1343 2358 epist.

166 2395 215 2456 ap.
242 2370 307 2438 Cic.
331 2371 371 2436 ad
398 2370 473 2434 iam.
493 2370 541 2436 XI
564 2372 635 2453 2,3
663 2379 794 2438 maximo
827 2380 935 2438 timore
968 2381 1005 2439 de
1036 2381 1121 2439 uobis
1154 2379 1343 2450 adficiuntur

166 2477 260 2535 amici
280 2476 386 2534 nostri.
433 2469 550 2553 quibus
574 2469 615 2531 ab
640 2469 794 2552 exemplis
819 2469 973 2534 differunt
995 2492 1053 2535 nec
1076 2474 1185 2534 tamen
1209 2491 1342 2552 prorsus

166 2567 338 2633 dissimilia
366 2564 656 2648 summulae
684 2573 761 2630 iliud
787 2573 867 2631 oddo
896 2575 939 2631 ud
970 2576 1105 2633 actioues
1137 2574 1167 2634 C.
1195 2574 1343 2646 Curionis,

167 2673 205 2731 de
229 2687 307 2743 auro
330 2670 484 2744 Cumpauo
503 2667 536 2727 et
554 2663 631 2728 ibid.
653 2665 703 2746 11,
722 2665 743 2728 3
764 2671 795 2728 iu
814 2687 905 2730 uuum
925 2688 1051 2731 causam
1074 2673 1170 2731 ommis
1194 2673 1344 2731 contemtio

167 2770 307 2828 coniectu
331 2773 383 2846 est,
408 2769 445 2826 de
460 2768 637 2841 proviaciis,
661 2762 779 2846 quibus
799 2762 879 2828 locis
902 2764 1020 2828 ultima
1039 2764 1138 2829 verba
1161 2762 1343 2848 explicandi

167 2881 266 2926 carisa
296 2863 372 2943 post
405 2865 480 2924 illuct
509 2863 542 2922 et
575 2865 606 2923 iu
638 2879 731 2923 uuum
759 2881 885 2924 causam
915 2861 1025 2927 addita
1058 2867 1141 2928 sunt.
1187 2860 1346 2927 eiusmodi

169 2951 383 3040 ἐπεξηγήσεις
397 2978 464 3022 non
476 2977 551 3020 raro
566 2956 601 3020 in
615 2955 762 3021 oratione
781 2957 936 3023 familiari
949 2960 1145 3045 liberiusque
1159 2960 1344 3044 procedenti

167 3059 333 3141 leguntur,
359 3055 451 3120 velut
484 3053 570 3137 apud
599 3051 786 3118 Ciceronem
820 3057 860 3120 ad
884 3057 951 3122 Att.
971 3056 1004 3122 ΙΙ
1025 3058 1115 3140 16,4
1143 3063 1220 3122 illud
1245 3067 1345 3121 tameu

169 3161 251 3234 quod
273 3159 383 3218 scribit
401 3159 629 3216 animadvertas
648 3159 744 3230 uelim,
767 3160 805 3217 de
818 3162 959 3235 portorio
979 3162 1249 3234 circumsessionis,
1268 3155 1344 3218 ibid.

167 3250 311 3333 V21,5
338 3255 398 3314 bue
424 3257 546 3314 litterae
574 3261 678 3314 cetero
706 3260 810 3314 uetera
834 3258 1000 3330 habebam,
1028 3273 1121 3316 uuum
1148 3258 1205 3318 boc
1229 3274 1345 3330 uorum,

171 3355 208 3412 de
240 3353 392 3428 Cibyratis
422 3353 596 3427 pantheris,
629 3347 702 3412 aliis
734 3349 829 3432 locis,
860 3350 916 3415 cfr.
939 3350 1194 3434 Wesenbergius
1222 3350 1345 3414 emend.

173 3446 228 3510 alt.
250 3469 280 3528 p.
300 3447 371 3510 110.
418 3448 451 3508 et
476 3465 517 3508 ns
546 3443 677 3510 Graecis
706 3446 836 3529 quidem
860 3448 912 3512 hic
935 3471 1013 3514 usus
1037 3449 1171 3534 ignotus
1195 3454 1261 3535 est,
1288 3449 1346 3514 cfr.

170 3541 313 3608 Platonis
336 3563 440 3626 symp.
463 3564 494 3625 p.
520 3542 629 3608 175ss
653 3544 755 3608 ταῦτα
778 3541 839 3628 μὲν
862 3543 917 3610 καὶ
940 3541 1057 3630 ὀλίγον
1080 3541 1223 3632 ὕστερον
1248 3549 1338 3612 δικα-

171 3638 300 3723 cumea
328 3635 392 3722 ἐγώ
419 3662 454 3704 τε
480 3635 538 3704 καὶ
567 3635 624 3723 σύ,
658 3639 733 3727 περὶ
760 3633 819 3725 τῆς
841 3646 964 3727 σοφίας
991 3648 1024 3709 et
1046 3643 1086 3710 A.
1109 3644 1211 3730 Hugii
1236 3646 1337 3710 adnot

169 3739 208 3803 ad
231 3761 261 3823 p.
286 3738 353 3803 215
366 3735 406 3802 A.
1346 3737 1351 3746 '

258 3842 297 3900 Iu
320 3839 398 3900 noto
423 3857 492 3920 usu,
516 3836 555 3900 de
575 3858 638 3920 quo
663 3837 813 3902 dixerunt
831 3837 980 3905 Handius
1000 3839 1091 3905 Tura.
1111 3840 1160 3904 ΙΙΙ
1180 3863 1208 3923 p.
1229 3840 1294 3904 285
1314 3844 1348 3904 et

168 3934 371 4000 Schmaluius
396 3932 581 3998 ‘Festschr’
605 3956 636 4017 p.
661 3935 717 4018 85,
747 3935 968 4018 significanter
991 3936 1124 4020 ponitur
1146 3934 1227 4000 VIII
1252 3937 1302 4019 15,
1329 3937 1345 4000 1

168 4054 294 4112 ecquem
318 4041 418 4096 autem
442 4037 574 4097 Caesare
593 4039 628 4096 iu
652 4041 813 4098 uictoria
837 4032 872 4117 (i.
892 4057 917 4099 e.
936 4034 1133 4118 simulatque
1157 4034 1248 4118 vicit)
1274 4045 1344 4100 tem-

167 4137 356 4209 peratiorem
388 4140 443 4193 cut
475 4137 575 4208 lepisti
604 4141 658 4194 aut
690 4136 824 4196 audisti?
857 4135 889 4194 et
917 4131 1086 4196 simillima
1115 4132 1242 4196 ratione
1266 4131 1347 4196 VIII

174 4227 261 4308 14,1
284 4233 314 4290 si
331 4234 367 4290 iu
390 4233 542 4306 repulsu
567 4233 691 4293 Domitii
708 4237 822 4294 uultum
845 4236 979 4307 uidisses,
1004 4229 1054 4294 cui
1078 4228 1251 4313 respondet
1269 4230 1345 4295 ibid.

172 4323 240 4405 4,1
266 4330 386 4390 Lentuli
411 4329 519 4388 Crucis
542 4334 687 4405 repulsi
710 4334 822 4391 uultum
845 4349 905 4392 mou
929 4334 1046 4392 uidisse.

262 4419 306 4486 Ut
332 4422 460 4488 Caelius
489 4421 658 4508 V1111,1
684 4433 719 4490 iu
746 4432 818 4490 tuoe
848 4439 876 4490 te
905 4433 1067 4506 deprecor,
1101 4449 1139 4490 ue
1166 4447 1262 4490 meum
1290 4431 1348 4496 boc
