3192 5024
629 320 850 391 -33-

154 486 270 555 comici
302 507 374 554 oum
407 487 567 573 particula
599 493 670 554 dum
698 487 803 554 verbis
835 489 1025 574 expectandi
1058 489 1203 556 subiecta
1235 491 1327 558 nulla

153 589 282 653 consilii
305 589 429 672 finisve,
453 588 509 654 sed
532 588 631 652 solius
654 589 810 672 temporis
833 589 957 652 ratione
981 589 1094 652 habita
1117 589 1325 654 indicatirum

153 687 352 771 coniungere
382 683 452 773 (cfr.
478 685 651 752 Lorenzius
680 687 718 750 ad
743 686 850 750 Plaut.
873 685 969 750 Most.
994 685 1086 772 668);
1117 709 1249 770 perraro
1279 689 1325 750 iia

155 783 269 849 Cicero
311 788 343 848 et
378 788 470 848 extra
503 784 666 848 orationes
704 785 832 849 locutus
865 787 915 846 est
950 785 1091 868 itemque
1130 785 1325 866 posteriores

154 883 338 965 scriptores
362 881 418 944 cfr.
438 881 620 965 Draegerus
639 880 672 944 II
690 904 720 965 p.
741 882 806 945 610
825 886 857 946 01
877 881 1075 947 Schmalzius
1100 885 1183 965 synt.
1204 905 1232 964 p.
1253 882 1326 946 346.

244 977 1326 1062 Deenuntiatiscondicionalibushaechabeoquaeadnotcm:

244 1075 301 1140 Bis
325 1074 454 1140 Caelius
483 1075 688 1140 coniunctivo
716 1080 884 1160 protaseos
912 1075 1122 1141 indicativam
1148 1078 1325 1160 spodoseos

154 1174 336 1258 subiungit,
368 1173 448 1238 VIII
475 1175 516 1238 14
544 1177 622 1237 extr.
649 1181 677 1236 si
707 1181 774 1238 sine
805 1172 887 1257 tno¹)
917 1182 1057 1254 periculo
1087 1182 1161 1250 fieri
1188 1186 1326 1254 posset,

153 1293 299 1352 maenum
313 1283 343 1338 et
357 1277 523 1337 iucundum
541 1278 597 1336 tibi
614 1277 752 1334 Fortuna
770 1280 975 1350 spectaculum
992 1278 1166 1352 parabat,
1191 1294 1328 1356 quocum

153 1371 234 1434 utile
258 1370 319 1434 erii
342 1392 528 1455 comparare
553 1367 717 1434 Ciceronis
740 1369 820 1433 illud
843 1369 881 1432 de
910 1370 961 1433 off.
981 1368 1014 1432 II
1038 1370 1079 1432 67
1110 1374 1329 1433 admonebat

155 1490 202 1534 rue
225 1491 289 1546 res,
312 1480 347 1532 ut
370 1519 376 1532 .
400 1519 406 1531 .
432 1521 438 1534 .
463 1475 668 1548 deplorarem,
696 1475 730 1530 ni
756 1489 894 1547 uererer,
923 1491 961 1532 ne
989 1475 1095 1532 deme
1124 1475 1187 1547 ipso
1211 1473 1330 1545 aliquid

153 1573 277 1632 uiderer
300 1573 396 1645 queri,
421 1566 484 1630 alia
508 1587 588 1649 quac
614 1563 785 1648 adscripsit
808 1565 849 1628 ad
872 1564 902 1629 11.
927 1565 947 1629 l.
972 1563 1005 1629 6.
1029 1563 1063 1628 F.
1087 1565 1135 1629 W.
1155 1564 1329 1630 Muellerus

154 1685 301 1748 quaeque
325 1664 459 1747 collegit
482 1661 642 1726 Priemius
662 1660 779 1726 Philol.
800 1662 860 1726 vol.
881 1664 984 1745 suppl.
1004 1661 1035 1727 V
1053 1686 1083 1745 p.
1102 1664 1168 1728 273
1188 1687 1228 1747 s.;
1250 1664 1329 1728 item

152 1761 235 1826 VIII
256 1761 350 1845 10,2
378 1768 440 1824 nisi
461 1766 603 1826 Deiotari
631 1765 811 1824 subsecutae
843 1771 965 1823 essent
997 1756 1166 1846 (litterae),
1200 1767 1231 1824 in
1262 1783 1328 1825 earn

153 1866 324 1938 opinionem
352 1863 473 1922 Oassins
500 1863 688 1932 ueniebam
715 1857 763 1920 ita
798 1857 882 1932 enim
913 1856 1062 1922 Baiterus
1091 1857 1226 1921 Medicei
1262 1879 1329 1923 cor-

153 1955 314 2040 ruptelam
338 1963 441 2019 ueniat
463 1955 534 2020 tolli
558 1956 636 2033 uult,
660 1975 732 2020 cum
757 1953 1009 2039 Wesenbergius
1034 1977 1107 2020 cum
1130 1954 1326 2019 edItiouibus

154 2053 319 2118 veteribus
356 2065 482 2118 venerat
517 2053 687 2136 praeferat.
746 2050 874 2118 Caelius
908 2057 1014 2118 autem
1047 2058 1157 2118 utrum
1190 2060 1330 2119 veniebat

156 2151 324 2234 scripserit
357 2173 398 2214 an
433 2162 572 2229 uenerat,
602 2152 655 2215 vix
687 2153 796 2234 potest
824 2151 999 2215 diiudicari.
1055 2153 1212 2216 usitatum
1243 2153 1328 2216 enim

155 2270 225 2312 esse
253 2252 425 2333 utrumque
454 2271 511 2312 nec
541 2249 679 2327 multam
703 2249 852 2313 differens
880 2250 964 2313 inter
994 2272 1026 2312 se
1051 2250 1168 2314 docent
1190 2250 1329 2332 plurima

157 2345 321 2430 utriusque
355 2346 481 2430 generis
514 2346 661 2428 exempla
694 2368 774 2428 quac
808 2350 1039 2430 congesserunt
1070 2345 1328 2412 1110111001-

157 2442 288 2532 janctiv.
307 2442 589 2529 Bedingongssata
607 2443 662 2506 bei
685 2442 849 2508 indicativ.
870 2443 1073 2528 Hauptsatz',
1092 2467 1199 2529 progr.
1224 2445 1329 2509 Berol.

161 2563 190 2604 a.
216 2542 315 2624 1884,
338 2565 368 2626 p.
395 2543 435 2607 16
459 2546 492 2606 et
515 2542 698 2625 Draegerus
717 2542 749 2605 II
774 2565 795 2626 p
816 2543 880 2606 725
905 2563 929 2607 s.
981 2543 1035 2606 sed
1067 2547 1175 2606 tamen
1206 2541 1329 2607 Baiteri

157 2639 374 2704 coniecturam
398 2643 435 2705 ut
457 2640 708 2724 probabiliorem
732 2644 842 2723 putem
867 2661 904 2704 eo
928 2639 1083 2720 adducor,
1108 2629 1194 2726 quod
1218 2641 1329 2706 eadem

155 2736 291 2801 Medicei
315 2737 503 2821 depravatio
528 2741 625 2822 atque
648 2739 710 2802 hoc
734 2739 804 2803 Ioco
829 2741 918 2802 extat
936 2738 1016 2802 VIII
1037 2741 1092 2824 11,
1116 2743 1130 2803 1
1157 2747 1330 2820 eripiantur

153 2857 212 2919 pro
237 2841 456 2916 eripiebantur.

245 2933 429 2998 Admodum
457 2956 530 2998 raro
559 2954 676 3018 genere
704 2935 858 3019 loquendi
888 2935 990 2999 utitur
1019 2933 1160 3020 (leceline,
1190 2959 1263 3001 cam
1296 2937 1330 2999 in

150 3031 293 3116 ‘apodosi
317 3035 391 3114 post
407 3053 506 3111 paene
530 3034 769 3097 coniunctivum
793 3031 1099 3117 plusquamperfeeti
1122 3056 1180 3116 pro
1205 3033 1326 3098 indica-

153 3130 222 3194 tivo
247 3129 381 3212 perfecti
405 3131 499 3213 ponIt
517 3129 598 3194 VIII
615 3133 647 3212 4,
668 3134 684 3194 1
710 3138 771 3194 nisi
788 3138 886 3195 nostri
904 3138 1018 3208 equites
1037 3138 1159 3195 acutius
1178 3136 1329 3208 uidissent,

151 3249 270 3306 paene
294 3233 478 3292 concedente
501 3235 681 3292 aduersario
705 3239 934 3308 superasset;
962 3251 1038 3292 nam
1066 3237 1166 3292 unam
1190 3232 1328 3294 tantum-

155 3325 252 3389 modo
269 3329 396 3408 macter
414 3325 500 3390 hunc
520 3327 588 3390 eius
609 3326 736 3410 generis
755 3327 861 3390 locum
875 3327 1002 3410 repperi
1022 3327 1106 3409 apud
1122 3326 1329 3392 Ammianum

155 3421 381 3488 Marcellinum
400 3421 480 3489 XVI
498 3425 532 3507 2,
560 3425 599 3488 10
620 3447 738 3504 paene
766 3431 953 3489 delessent
974 3422 1069 3510 (duas
1099 3422 1275 3511 legiones),
1298 3433 1332 3490 ni

154 3527 254 3586 sabito
283 3528 421 3585 concitus
449 3529 564 3586 clamor
591 3531 743 3587 sociorum
771 3529 890 3586 auxilia
922 3530 1077 3602 coepisset.
1135 3546 1330 3608 quamquam

156 3619 243 3684 haud
268 3619 333 3683 seio
359 3641 401 3683 an
428 3619 489 3684 soli
513 3619 601 3683 casui
630 3620 834 3685 tribuendum
863 3620 921 3703 sit,
950 3621 1034 3705 quod
1062 3621 1141 3685 haec
1170 3624 1331 3685 structura

156 3739 223 3782 non
257 3717 385 3800 saepius
414 3717 585 3782 invenitur.
643 3718 761 3782 mirum
794 3717 879 3781 enim
912 3720 1009 3800 esset,
1038 3717 1065 3782 si
1094 3716 1245 3801 Romani,
1276 3720 1330 3801 qui

157 3814 242 3879 haud
265 3837 340 3880 raro
364 3816 399 3879 in
422 3815 606 3880 huiusmodi
630 3816 808 3880 enuntiatis
833 3816 1108 3880 condicionalibus
1128 3815 1219 3879 verbi
1243 3816 1329 3900 qaod

157 3918 207 3978 est
238 3934 327 3992 posse
365 3913 605 3979 coniunctivam
640 3915 949 3998 plusquamperfecti
981 3914 1161 3997 ponebant,
1192 3913 1330 3977 eandem

158 4011 291 4075 modum
306 4011 459 4075 adverbio
472 4033 573 4090 paene
588 4011 783 4097 subiungere
798 4012 1003 4077 verecundati
1018 4016 1134 4076 essent.
1169 4011 1231 4074 huc
1246 4033 1329 4076 acce-

158 4106 215 4186 1111,
235 4109 319 4190 qaod
341 4109 439 4171 etiam
458 4109 545 4172 illius
566 4132 642 4173 usus
658 4132 752 4193 quem
772 4110 976 4194 grammatici
991 4110 1165 4193 requirunt,
1180 4130 1242 4193 quo
1257 4117 1332 4192 post

155 4227 256 4283 paene
284 4207 316 4268 in
347 4207 480 4288 apcdosi
509 4206 702 4270 indicatiras
736 4207 869 4292 perfecti
901 4209 1046 4290 ponitur,
1075 4208 1157 4290 apud
1191 4208 1331 4287 optimos

231 4345 257 4412 1)
276 4343 315 4398 sic
326 4344 455 4398 Baiteras
465 4361 516 4414 pro
530 4361 579 4400 suc
589 4345 721 4412 Medicei3
736 4363 837 4400 summo
852 4345 910 4413 alii,
925 4345 974 4401 cfr.
989 4345 1207 4413 Wesenbergius
1222 4347 1330 4400 emend.

157 4441 184 4492 p.
202 4428 262 4477 121.

1100 4524 1115 4571 3
