3192 5024
715 336 934 404 ...48...

242 503 446 586 usurpatum3
471 499 592 587 optime
612 522 714 585 nuper
733 497 770 564 dc
791 522 828 566 6ο
848 500 998 585 exposuit
1017 498 1215 585 Ribbeolrius
1234 502 1267 567 in
1287 497 1418 568 Studio·

242 621 313 662 rum
336 597 552 681 Lipsiensium
578 601 639 665 vol.
658 599 706 664 IX
729 624 758 684 p.
779 599 843 665 339
860 621 910 684 ss,
933 599 989 664 cfr.
1010 600 1105 664 etiam
1132 597 1331 667 Solimalzius
1356 602 1375 666 l.
1395 602 1420 664 l.

241 719 269 779 p.
285 696 328 760 42
339 719 363 760 s.
378 701 411 760 et
425 696 574 782 Meyerus
589 698 610 763 l.
625 698 645 762 l.
659 721 691 782 p.
709 696 750 762 15
765 720 788 763 s.
808 695 903 784 (adde
918 696 1046 762 Patron.
1062 717 1086 760 6.
1102 695 1144 760 53
1159 718 1262 762 merae
1281 697 1418 786 tricae).

329 804 472 860 turnultus
482 819 554 860 cum
569 796 700 881 propria
711 795 944 880 significatione
955 799 1041 858 esset
1059 793 1176 858 bellum
1187 795 1296 859 subito
1307 801 1416 860 ortum

242 896 298 956 aut
325 892 535 958 domesticum
564 898 620 958 aut
644 893 756 957 Italiae
779 894 951 958 finitimum
976 889 1053 976 (016.
1075 891 1156 957 Phil.
1175 892 1256 957 VIII
1276 893 1320 978 3),
1349 895 1418 959 1661

241 988 404 1055 Ciceronis
434 995 539 1055 aetate
568 991 666 1055 latius
696 992 842 1075 patebat,
870 992 916 1054 ita
944 994 980 1054 ut
1008 989 1169 1054 diceretur
1195 991 1234 1054 da
1264 992 1348 1056 bello
1377 992 1414 1056 in

242 1089 387 1172 qualibet
418 1089 585 1173 provincia
617 1087 760 1152 hostiurn
789 1088 971 1153 incursione
1000 1088 1154 1173 excitato;
1186 1089 1241 1154 cfr.
1270 1088 1419 1153 Heraeus

161 1256 165 1266 ,
242 1187 281 1250 ad
301 1185 402 1251 Tacit.
421 1185 496 1250 hist.
513 1185 558 1250 IV
576 1187 626 1270 13,
646 1187 688 1252 10
707 1190 740 1250 et
757 1185 970 1270 Landgrafius
990 1185 1028 1248 ad
1050 1182 1115 1250 Cic.
1130 1209 1159 1268 p.
1179 1185 1272 1250 Rosc.
1291 1211 1320 1270 p.
1343 1187 1418 1251 159.

242 1285 288 1348 sic
307 1284 501 1350 Parthorum
520 1285 736 1350 incursionem
757 1283 918 1367 intellegit
937 1282 1066 1347 Caelius
1079 1281 1161 1347 VIII
1178 1285 1228 1362 10,
1246 1285 1263 1347 1
1279 1308 1317 1348 ne
1335 1292 1422 1362 quod

241 1389 292 1446 iiic
320 1391 463 1449 turnultus
492 1390 650 1462 dignitatis
678 1393 749 1446 tuae
773 1389 946 1462 periculum
973 1386 1104 1458 afferret
1132 1382 1273 1466 itemque
1304 1380 1418 1446 Cicero

242 1481 281 1544 ad
305 1480 381 1545 fam.
399 1479 460 1545 XV
482 1482 509 1565 1,
528 1482 549 1545 2
572 1501 715 1559 ravanam
739 1487 896 1544 tumultum
920 1501 983 1542 esse
1008 1485 1038 1543 in
1058 1486 1221 1559 provincia
1245 1485 1339 1560 Syria
1362 1503 1417 1544 eac·

241 1586 384 1654 citatum·
416 1579 456 1645 de
487 1579 583 1643 bellis
612 1577 742 1642 Punicis
778 1599 855 1642 6666
889 1578 990 1642 611166
1019 1576 1173 1642 Horatius
1202 1599 1228 1642 c.
1247 1576 1296 1642 IV
1314 1579 1344 1662 4,
1363 1579 1419 1661 47,

241 1676 281 1740 ad
305 1698 400 1759 quem
423 1678 529 1741 locum
553 1676 609 1740 cfr.
634 1675 826 1759 Kiesslingii
850 1675 957 1738 adnot.

329 1785 471 1839 vetanus
493 1772 574 1839 VIII
594 1775 623 1856 6,
642 1775 663 1837 4
687 1785 827 1840 veternus
846 1779 998 1838 civitatem
1021 1784 1199 1852 occupasset
1222 1771 1294 1855 (cfr.
1314 1774 1414 1837 etiam

241 1871 280 1935 ad
314 1872 389 1936 lam.
413 1871 446 1935 II
475 1873 530 1950 13,
558 1873 593 1954 3,
627 1871 684 1936 ubi
722 1868 835 1935 Cicero
867 1867 977 1934 Caelio
1014 1870 1210 1953 respondens
1249 1870 1417 1954 metapho-

241 1992 310 2033 ram
334 1971 402 2034 eius
427 1970 552 2052 repetii,
576 1979 645 2034 erat
668 1975 699 2032 in
723 1980 775 2032 tva
800 1975 928 2048 epistula
954 1967 1110 2031 ‘veternus
1134 1965 1298 2054 civitatis')
1319 1968 1415 2032 auda-

243 2069 311 2131 cius
340 2091 359 2130 a
390 2065 500 2131 Caelio
534 2066 574 2129 ad
602 2088 653 2129 res
681 2066 888 2145 transfertur,
912 2071 949 2130 ut
975 2068 1051 2148 post
1079 2085 1098 2128 a
1125 2063 1270 2150 Vergilio
1300 2065 1416 2151 Georg.

240 2163 256 2227 I
282 2165 346 2228 124
368 2186 425 2228 nec
445 2174 567 2243 torpere
583 2170 678 2242 aravi
696 2185 805 2242 passus
828 2186 885 2228 sua
909 2174 1165 2242 666666616666,Ι
1189 2163 1227 2226 de
1246 2164 1413 2228 hominurn

241 2261 380 2345 segnitia
403 2265 436 2325 61
463 2261 581 2324 inertia
604 2261 798 2326 vocabulum
828 2262 1006 2344 posueruut
1030 2258 1176 2324 Catullus
1199 2259 1293 2326 XVII
1316 2261 1359 2325 24
1383 2266 1417 2324 61

241 2359 398 2424 Horatius
428 2358 640 2443 ep.18,10;
673 2359 729 2423 616.
757 2359 856 2424 etlam
890 2358 1019 2422 Terent.
1043 2357 1123 2422 Hun.
1148 2358 1211 2422 688
1241 2370 1415 2424 veternosus

243 2473 346 2523 senex:

625 2581 628 2586 ·
658 2548 688 2611 2.
712 2546 755 2609 (16
780 2546 998 2610 adiectivis.

329 2661 481 2718 candidus
504 2655 664 2718 translata
683 2643 919 2736 significatione
943 2675 1001 2735 pro
1022 2659 1148 2731 inteper,
1164 2658 1279 2732 probus
1299 2653 1415 2716 dicitur

242 2749 372 2832 111116,
393 2752 410 2815 1
435 2773 474 2815 ne
572 2757 705 2816 candide
730 2758 868 2831 posuisse
891 2757 1065 2814 inimicitias
1089 2756 1239 2825 videaris;
1262 2749 1416 2816 abhorret

242 2847 322 2912 11666
344 2848 436 2912 66116
461 2849 501 2912 ab
521 2848 652 2930 optimis
673 2847 895 2930 scriptoribus,
919 2848 974 2910 sed
993 2848 1120 2931 saepius
1144 2847 1307 2912 invenitur
1330 2848 1414 2931 apud

241 2949 353 3028 poetas
365 2950 397 3008 et
412 2944 585 3030 scriptores
597 2949 769 3030 argenteae
784 2965 864 3029 quae
879 2944 995 3008 dicitur
1006 2945 1137 3026 aetatis3
1152 2945 1207 3009 616.
1217 2943 1414 3009 Fritzschius

241 3042 281 3106 ad
305 3040 420 3107 Horat.
445 3047 503 3106 sat.
523 3042 538 3106 I
558 3042 587 3125 5,
606 3043 659 3125 41,
683 3043 854 3108 Antibarb.
875 3066 900 3107 s.
918 3065 947 3107 6.
966 3043 1097 3123 candor,
1121 3041 1239 3128 Ceorg.
1260 3065 1285 3109 s.
1305 3067 1332 3107 6.

326 3144 450 3221 fervens
483 3138 705 3224 (participium
735 3141 885 3206 adiectivi
919 3161 1049 3204 munere
1082 3141 1232 3224 fungens)
1266 3142 1414 3205 absolute

241 3240 383 3322 positum
407 3239 563 3303 sermonis
589 3238 730 3323 vulgaris
756 3259 825 3302 esse
852 3237 1065 3322 6116166616.
1090 3236 1249 3321 Suepflius
1274 3239 1315 3302 ad
1339 3238 1416 3303 fam.

240 3334 346 3419 Χ23,
370 3337 398 3400 3.
436 3336 485 3401 bis
513 3337 673 3420 reperitur
702 3337 786 3419 apud
815 3333 961 3398 Caelium
986 3333 1065 3398 VIII
1091 3336 1124 3418 6,
1148 3334 1169 3398 5
1193 3338 1416 3414 ferventissime

241 3442 438 3513 concupitur
453 3438 485 3496 61
500 3434 576 3498 ibid.
591 3434 621 3517 8,
636 3435 656 3498 2
672 3441 709 3497 de
724 3440 918 3498 damnatione
933 3435 1091 3510 ferventer
1105 3439 1188 3511 toqui
1201 3444 1245 3496 est
1259 3444 1396 3512 coeptura
1403 3459 1415 3508 ;

242 3530 391 3595 similiter
417 3531 552 3596 Plancus
581 3555 631 3616 ap.
655 3529 720 3596 Cic.
745 3531 785 3594 ad
809 3528 1002 3612 16611123,
1022 3530 1042 3593 3
1072 3535 1110 3594 ab
1140 3537 1197 3594 illis
1224 3533 1415 3609 ferventibus

241 3634 411 3693 latronibus
444 3627 622 3711 l‘hitziges,
657 3629 932 3693 wntentbranntes
962 3627 1212 3711 Raubgcsindel'
1242 3626 1414 3712 Naegelsb.

240 3726 261 3791 l.
280 3726 300 3790 1.
318 3748 348 3809 p.
367 3722 456 3810 455).
506 3726 597 3788 valde
625 3726 658 3788 in
691 3726 812 3790 deliciis
835 3725 934 3790 habet
957 3725 1018 3788 hoc
1045 3726 1178 3790 verbum
1203 3725 1416 3811 Augustinus,

242 3845 336 3906 quern
360 3830 466 3887 laudes
486 3825 644 3900 ferventer
667 3831 813 3902 lucentes,
834 3826 1004 3902 ferventius
1028 3845 1188 3903 exercere,
1211 3844 1337 3904 ropare,
1362 3832 1417 3902 opi

243 3920 361 3983 dixisse
385 3921 478 3984 testis
504 3923 553 3985 est
578 3919 694 4003 Georg.
713 3942 736 3984 s.
756 3943 784 3984 6.
808 3922 978 3985 ferventer.

326 4031 498 4096 propnatus
522 4016 603 4082 VIII
626 4017 720 4100 15,2
758 4021 873 4082 Venere
901 4031 1088 4110 prognatus⁸
1104 4041 1166 4084 vox
1198 4041 1217 4083 a
1249 4017 1415 4085 Ciceronis

242 4115 470 4180 consuetudine
490 4115 596 4180 aliena
615 4118 649 4180 in
672 4117 785 4199 primis
805 4119 973 4200 poetarum
993 4119 1024 4180 et
1043 4118 1257 4181 recentiorum
1277 4117 1414 4200 scripto-

241 4237 310 4276 rum
340 4218 404 4294 661,
432 4212 487 4277 cfr.
513 4213 678 4278 Ebrardus
712 4216 819 4278 annal.
842 4214 955 4297 philol.
979 4215 1083 4298 suppl.
1108 4214 1168 4279 vol.
1188 4214 1217 4276 X
1237 4238 1265 4297 p.
1291 4214 1356 4278 586
1381 4221 1415 4278 et

242 4310 358 4394 Georg.
380 4334 401 4374 s.
423 4334 464 4394 v.;
488 4310 538 4375 bis
566 4315 674 4374 tamen
700 4312 819 4394 legitur
847 4311 930 4395 apud
955 4310 1125 4376 Caesarem
1149 4314 1180 4377 b.
1205 4331 1234 4395 g.
1257 4311 1290 4374 II
1313 4312 1356 4376 29
1380 4316 1415 4377 61

241 4407 288 4473 VI
310 4409 360 4472 18.
