3192 5024
741 345 955 409 264...

265 504 328 572 Cic.
348 531 377 591 p.
397 505 490 573 Rosc.
509 531 538 591 p.
558 507 633 591 208,
648 505 794 571 06116166
815 506 854 570 ad
870 493 970 569 Senes
998 504 1115 590 dialog.
1130 527 1159 590 p.
1176 504 1227 588 81,
1246 505 1295 588 11,
1315 493 1436 590 legitur

268 604 347 668 VIII
374 607 426 688 12,
451 605 479 687 2,
504 603 559 669 sed
588 607 650 670 non
676 606 743 668 sine
772 627 882 688 causa,
911 608 948 668 ut
972 603 1110 686 videtur,
1134 625 1153 666 a
1176 602 1437 668 Mendelssohnio

266 704 372 766 annal.
396 702 507 786 philol.
532 704 593 767 vol.
617 701 785 767 CXXXIII
808 724 838 785 p.
863 703 903 767 67
933 702 967 764 in
997 700 1210 784 suspicionem
1236 702 1349 764 vocata
1380 705 1437 763 est.

354 799 410 864 Bis
434 803 508 877 exta
546 807 638 864 erede
660 806 746 864 milti:
779 798 859 864 VIII
880 800 976 877 14,4
1000 801 1032 862 61
1057 799 1106 882 17,
1135 800 1164 878 13
1189 798 1242 882 qui
1266 798 1437 862 verborum

266 897 344 960 ordo
378 919 449 961 cunr
479 899 644 982 legitimus
679 898 722 961 611
749 897 832 981 apud
863 918 973 961 omnes
1002 918 1071 981 cos,
1100 896 1154 978 qui
1183 896 1221 958 ad
1251 893 1437 959 Ciceronem

266 995 421 1078 epistulas
446 997 617 1079 miserunt,
642 996 781 1079 itemque
805 994 890 1079 apud
913 995 1115 1076 Petronium,
1144 993 1226 1076 apud
1251 991 1437 1057 Ciceronem

265 1113 342 1157 vero
360 1093 423 1156 nisi
442 1093 475 1156 in
495 1093 640 1176 epistulis
661 1093 699 1156 ad
721 1093 865 1156 Atticum
885 1092 968 1156 datis
988 1092 1052 1154 fere
1072 1113 1230 1175 nusquam
1251 1090 1438 1154 inveniatur

266 1187 358 1274 (alibi
384 1191 469 1253 enim
494 1190 687 1254 contrariam
712 1191 881 1254 verborum
908 1189 1149 1254 collocationem
1171 1195 1361 1253 mihicrede
1384 1188 1437 1252 ad-

266 1287 376 1350 hibere
401 1285 591 1372 consuevit),
614 1288 684 1353 iure
708 1277 849 1352 sermoni
868 1289 1044 1352 cottidiano
1066 1287 1199 1350 attribui
1219 1286 1358 1369 videtur,
1382 1285 1439 1350 cfr.

266 1407 348 1469 quae
372 1385 492 1448 dehac
516 1407 549 1449 re
574 1389 791 1469 exposuerunt
816 1383 1014 1448 Sclrmalnius
1035 1385 1140 1449 annal.
1161 1382 1307 1470 gymiras.
1332 1383 1439 1447 Berol.

266 1483 288 1547 l.
307 1484 325 1546 l.
345 1505 375 1566 p.
398 1482 459 1547 114
480 1505 503 1546 s.
523 1485 556 1546 et
574 1482 786 1566 Landgrafius
806 1482 845 1546 ad
865 1480 930 1547 016.
949 1505 979 1566 p.
998 1483 1091 1546 Rosc.
1108 1481 1178 1546 Am.
1194 1505 1224 1564 p.
1240 1482 1313 1546 307.

356 1584 455 1658 116616
474 1586 611 1657 aliquem,
631 1603 702 1644 cum
724 1580 809 1664 apud
833 1581 974 1664 optimos
994 1581 1176 1663 scriptores,
1195 1584 1231 1643 ut
1250 1579 1439 1644 Ciceronem

267 1681 300 1742 61
318 1677 514 1759 Terentium,
539 1676 698 1761 significet
717 1677 897 1761 ‘personam
923 1678 1057 1741 alicuius
1081 1679 1115 1742 in
1140 1699 1256 1741 scaena
1278 1675 1440 1758 tractarc’,

267 1776 390 1860 primus
414 1775 499 1858 quod
524 1776 662 1838 sciamus
686 1773 814 1840 Caelius
837 1777 883 1838 ita
907 1775 1007 1858 ponit,
1031 1779 1068 1838 ut
1092 1775 1135 1839 sit
1158 1774 1278 1858 ‘partes
1304 1775 1438 1839 alicuius

268 1895 371 1958 agere,
390 1895 423 1936 se
443 1893 553 1956 gerere
568 1871 625 1956 ut',
644 1871 725 1936 VIII
741 1874 770 1955 2,
786 1876 807 1938 2
826 1894 881 1950 epo
903 1879 998 1936 incidi
1016 1879 1046 1935 16
1071 1879 1293 1951 competitorem
1312 1877 1440 1934 66111661

266 1982 295 2035 61
322 1977 449 2035 mobilem
472 1981 618 2047 apeatem,
643 1973 675 2032 et
697 1971 773 2033 ibid.
795 1971 849 2051 17,
876 1971 893 2033 1
919 1975 1081 2044 mirificum
1109 1976 1203 2032 ciuem
1231 1976 1310 2046 apis,
1340 1972 1455 2050 atque·

268 2068 314 2129 sic
333 2087 487 2150 persaepe
507 2067 709 2148 insequentes
730 2066 848 2148 dicunt,
871 2066 958 2129 velut
977 2063 1141 2142 Horatius,
1159 2063 1280 2147 Livius,
1298 2063 1440 2144 Tacitus,

273 2163 336 2248 alii,
361 2185 441 2248 quos
465 2167 654 2227 enumerant
678 2162 793 2247 Georg.
818 2186 843 2226 s.
867 2184 895 2226 v.
919 2167 951 2225 et
974 2160 1015 2226 H.
1034 2159 1177 2246 Georges
1201 2163 1221 2225 l.
1240 2162 1261 2226 l.
1279 2184 1310 2244 p.
1329 2161 1381 2224 44.

356 2265 395 2324 86
420 2261 508 2339 serre
531 2260 767 2343 significatione
793 2282 843 2345 66,
868 2281 932 2343 qua
956 2259 996 2323 ab
1025 2257 1134 2323 Caelio
1163 2259 1335 2322 adhibetur
1360 2258 1439 2323 VIII

270 2359 301 2443 4,
317 2359 337 2422 2
355 2369 390 2420 61
407 2379 440 2422 66
456 2361 520 2436 fert
539 2364 610 2437 ipse,
634 2355 705 2421 ‘wie
725 2379 759 2421 er
778 2357 846 2420 sich
866 2357 968 2420 selbst
986 2361 1083 2440 uagi,
1107 2355 1217 2439 giebt’,
1241 2360 1277 2420 ut
1299 2357 1438 2420 alienum

271 2479 290 2519 a
314 2455 545 2520 consuetudine
568 2458 602 2518 61
623 2456 802 2538 priscorum
827 2454 1020 2537 scriptorum
1045 2458 1078 2517 61
1097 2452 1260 2518 Ciceronis
1280 2452 1441 2518 Caesaris·

270 2575 344 2636 que,
371 2553 418 2616 116
446 2550 606 2617 familiare
634 2557 684 2616 est
710 2552 874 2617 historicis
902 2555 998 2634 atque
1027 2551 1141 2635 poetis.
1194 2552 1239 2615 sic
1262 2551 1347 2614 enim
1375 2551 1439 2615 iam

270 2648 443 2716 Sallustius
466 2649 592 2713 locutas
616 2654 666 2714 661
687 2651 761 2714 hist.
781 2651 895 2734 fragm.
915 2647 964 2712 III
985 2651 1035 2732 81,
1055 2649 1098 2712 22
1112 2649 1151 2712 Κ.
1175 2656 1318 2727 uindices,
1341 2656 1388 2712 uti
1408 2671 1441 2712 66

267 2749 383 2828 seruat,
406 2750 564 2824 libertatis,
587 2745 703 2828 postea
726 2747 880 2810 Horatius
905 2769 954 2830 ep.
977 2745 993 2808 I
1020 2747 1075 2829 17,
1099 2747 1142 2810 22
1166 2754 1301 2824 quamuis
1321 2749 1388 2824 fers
1412 2758 1441 2809 te

270 2850 382 2906 6611166
411 2853 557 2920 spectem,
581 2843 723 2907 Velleius
752 2843 769 2906 I
801 2846 837 2906 ll
870 2865 902 2907 66
935 2849 1106 2923 Philippum
1138 2851 1304 2922 repiaeque
1335 2850 1440 2924 stirpis

268 2943 364 3022 serre,
388 2938 559 3004 Suetonius
583 2939 680 3024 Vesp.
698 2942 741 3005 23
766 2948 928 3018 iupeuuum
951 2964 984 3004 se
1008 2992 1014 3004 .
1034 2992 1040 3004 .
1061 2993 1067 3005 .
1087 2952 1232 3020 coeperat
1250 2933 1346 3019 [6116.

358 3036 441 3101 Item
467 3059 583 3117 ponere
610 3045 785 3102 iuimicitias
809 3036 889 3102 VIII
915 3040 948 3118 6,
975 3040 990 3103 1
1017 3045 1184 3104 cauendum
1213 3044 1271 3102 tibi
1297 3046 1369 3118 erit,
1403 3063 1441 3104 ae

268 3156 380 3214 parum
403 3141 580 3214 simpliciter
608 3146 637 3199 et
660 3143 792 3200 candide
816 3145 953 3216 posuisse
981 3138 1041 3218 [sic
1069 3157 1141 3199 cum
1167 3134 1249 3200 Med.
1274 3135 1439 3217 Wesenb.]

271 3239 447 3297 iuimicitias
470 3239 604 3297 videaris
632 3236 744 3296 contra
772 3256 865 3296 usum
889 3229 1059 3298 Ciceronis
1076 3232 1217 3315 quidem,
1240 3234 1293 3316 qui
1324 3235 1357 3297 in
1380 3235 1440 3297 hac

271 3329 434 3394 locutione
462 3331 560 3393 verbo
589 3336 760 3409 deponendi
790 3330 837 3393 uti
871 3332 953 3395 solet
985 3327 1054 3414 (611.
1084 3327 1257 3410 Seyffertus
1287 3331 1327 3395 ad
1353 3331 1440 3396 Lael.

273 3451 302 3509 p.
326 3427 391 3489 244
415 3426 488 3489 edit.
513 3425 597 3511 alt),
625 3427 680 3490 sed
709 3427 749 3491 ad
773 3424 999 3491 historicorum
1027 3430 1259 3510 poetarumque
1284 3429 1440 3492 sermonis

272 3521 514 3587 similitudinem
539 3523 659 3588 dictum
683 3530 746 3608 est3
771 3526 826 3590 cfr.
849 3529 957 3587 bellum
975 3544 1092 3603 ponere
1115 3521 1247 3587 Sallust.
1272 3523 1347 3608 Jug.
1370 3527 1441 3609 112,

276 3624 302 3704 1,
325 3621 392 3685 Liv.
416 3618 431 3682 I
455 3620 507 3704 53,
530 3621 560 3705 5,
588 3622 680 3706 alibi,
704 3629 874 3687 discordias
893 3641 1011 3700 ponere
1033 3618 1135 3683 Tacit.
1159 3641 1230 3684 ann.
1250 3619 1311 3683 XV
1330 3622 1359 3704 2,
1382 3643 1441 3685 nee

273 3718 398 3780 diversa
418 3720 492 3780 sunt
510 3718 612 3802 ipsius
631 3717 795 3785 Ciceronis
815 3719 872 3782 illa
891 3717 929 3780 de
949 3715 1216 3799 61611111246
1233 3739 1349 3797 ponere
1368 3726 1441 3804 uitia

274 3819 306 3878 61
329 3813 552 3879 Tuscilius
572 3837 688 3895 ponere
707 3838 814 3881 curum
833 3826 863 3880 et
881 3820 1114 3893 aspritudinem.
1155 3815 1237 3879 nihil
1260 3816 1361 3900 igitur
1384 3821 1442 3904 est,

273 3935 329 3976 cur
352 3909 510 3976 Cobetum
535 3917 567 3976 61
587 3912 753 3977 Baiterum
777 3915 877 3978 secuti
901 3911 1019 3977 codicis
1044 3912 1237 3994 scripturam
1254 3921 1390 3992 posuisse
1408 3915 1441 3977 in

273 4016 445 4088 deposuisse
467 4014 642 4092 mutemus3
666 4009 721 4073 cir.
742 4011 839 4074 etiam
859 4010 884 4074 I.
904 4010 1075 4073 Muellerus
1099 4009 1133 4072 in
1161 4008 1308 4074 Bursiani
1335 4012 1441 4076 annal.

273 4106 382 4190 philol.
407 4128 434 4170 a.
462 4107 546 4171 1882
569 4130 599 4190 p.
618 4106 670 4171 24.
721 4111 755 4170 61
775 4128 816 4171 ne
839 4107 919 4171 illud
944 4107 1072 4190 quidem
1101 4107 1225 4189 obstat,
1249 4129 1311 4188 quo
1336 4109 1442 4172 minus

274 4206 307 4268 in
330 4204 451 4267 tradita
473 4204 610 4268 lectione
631 4205 885 4288 adquiescamus,
904 4206 987 4288 quod
1007 4204 1118 4268 Cicero
1139 4205 1178 4266 ad
1199 4202 1299 4269 Caelii
1324 4205 1442 4286 epistu-

273 4304 336 4365 lam
362 4300 559 4383 respondens
584 4302 624 4364 ad
648 4299 774 4367 16111.Ιῖ
796 4302 849 4387 13,
873 4303 893 4366 2
918 4303 998 4366 dixit
1019 4308 1198 4365 simultatem
1222 4306 1443 4379 deposuimus

274 4421 339 4463 non
363 4421 536 4482 numquam
566 4399 651 4462 enim
679 4399 727 4484 fit,
755 4403 791 4462 ut
813 4398 879 4484 hic,
908 4401 934 4463 si
959 4422 1038 4482 quao
1066 4418 1177 4479 parum
1208 4397 1374 4480 eleganter
1402 4402 1442 4465 ad
