3192 5024
639 341 851 409 ..29-

154 503 290 574 anditur
308 507 468 572 veretur
486 514 520 570 et
538 525 645 570 uereor
664 512 755 570 etium
779 527 860 570 nuuc
884 503 953 592 (cfr.
972 501 1328 591 Oic.adfam.1119,1

154 613 299 686 veretur,
323 628 362 670 ue
385 611 419 669 id
441 611 485 668 du
508 610 643 682 cuderet,
662 611 744 682 quod
767 611 858 668 edum
883 627 965 669 nuuc
983 602 1116 691 vereor).
1149 607 1330 688 exemplum

153 703 314 769 Caeliano
343 702 506 787 geminum
535 722 601 765 non
629 701 751 786 inveni,
779 703 899 767 similia
926 707 1160 788 congesserunt
1182 703 1330 767 Kuehne-

153 825 212 866 rus
231 801 266 865 ΙΙ
284 824 315 884 p.
335 801 409 883 776,
433 798 610 864 Wetzelius
634 797 685 863 ‘de
709 803 868 864 consecut.
886 804 984 883 temp.
1004 797 1069 864 (lic.
1093 823 1161 883 cup.
1180 798 1230 862 II'
1254 800 1331 866 diss.

152 900 245 983 Lips.
267 900 363 983 1877,
381 921 411 981 p.
429 898 483 980 42,
506 895 727 962 Kuehnastius
746 920 776 981 p.
796 899 870 962 218.

248 997 404 1062 Eiusdem
422 995 543 1060 nimiae
557 996 726 1060 brevitatis
746 999 779 1059 et
793 1017 894 1078 paene
907 995 1134 1080 neglegentiae
1149 998 1330 1083 exemplum

152 1098 278 1180 legitur
297 1093 378 1160 VIII
400 1094 427 1178 1,
449 1093 465 1157 1
491 1100 564 1158 duta
583 1115 678 1173 opera
693 1100 814 1173 paraui,
833 1101 888 1170 qui
903 1101 949 1158 sic
968 1102 1068 1159 omniu
1084 1107 1330 1175 persequeretur,

153 1206 192 1259 ut
213 1216 327 1258 ucreur
351 1215 376 1257 1.
399 1215 428 1276 q.
453 1214 486 1275 s.‚
509 1191 565 1254 ubi
594 1190 671 1254 dure
695 1189 822 1254 (laelius
850 1212 1004 1273 praeseus
1031 1196 1160 1276 tempus
1191 1193 1330 1278 (uereur)

153 1293 197 1357 ad
221 1291 352 1356 consilii
375 1296 444 1367 (qui
460 1295 713 1369 persequeretur)
737 1289 833 1352 finem
857 1292 953 1372 atque
972 1291 1121 1354 effectum
1140 1313 1205 1354 non
1225 1292 1332 1356 verbis

154 1410 358 1473 expressum,
378 1387 432 1452 sed
452 1387 507 1470 qui
528 1387 636 1450 animo
655 1387 882 1452 obversaretur
900 1383 1039 1473 (scilicet
1053 1399 1084 1452 et
1097 1396 1140 1452 itu
1152 1400 1331 1468 persecutus

153 1486 215 1571 est)
240 1485 376 1550 rettulit.

247 1583 380 1648 Tertius
413 1582 465 1646 his
502 1581 627 1648 accedit
664 1603 703 1645 ex
735 1581 881 1646 oratione
920 1582 1024 1668 locus,
1056 1606 1152 1669 quem
1190 1582 1332 1648 servavit

155 1681 383 1758 Quintilianus
398 1679 446 1744 VI
460 1682 490 1763 3,
503 1681 545 1742 41
562 1685 613 1742 lu'c
631 1685 809 1744 subsecutus
827 1686 974 1758 quomodo
994 1687 1210 1758 transierit,
1229 1692 1332 1745 utrum

153 1792 226 1844 rute
254 1801 296 1842 uu
320 1783 490 1859 piscatorio
523 1784 658 1856 uerique,
691 1799 776 1841 nemo
808 1783 966 1851 sciebat;
998 1776 1052 1840 hic
1084 1778 1173 1842 nulla
1205 1779 1332 1843 ratione

154 1878 273 1941 habita
297 1876 455 1940 enuntiati
484 1875 643 1957 primarii,
668 1874 754 1958 quod
780 1875 1031 1958 interrogationi
1063 1875 1214 1959 obliquae
1243 1881 1331 1959 post·

155 1975 303 2058 positum
328 1979 361 2036 et
384 1973 519 2037 averbo
544 1973 612 2036 eius
635 1972 856 2056 compluribus
875 1972 1040 2037 vocabulis
1064 1976 1250 2056 separatum
1273 1976 1333 2058 est,

156 2071 339 2155 perfectum
364 2078 523 2134 transierit
545 2069 677 2152 ponitur
705 2069 745 2133 ad
774 2070 1022 2153 significandam
1049 2071 1240 2154 simpliciter
1263 2093 1331 2135 rem

158 2170 289 2234 actione
319 2168 384 2232 iam
415 2167 568 2232 effectam.
621 2167 769 2231 similiter
799 2165 912 2232 (licere
944 2169 1069 2232 locutus
1103 2172 1165 2252 est,
1195 2169 1223 2232 si
1253 2168 1332 2232 fides

156 2267 273 2330 haberi
291 2269 401 2349 potest
420 2265 593 2348 codicibus,
614 2263 705 2330 Verr.
723 2265 756 2328 Il
778 2268 805 2346 1,
825 2265 867 2328 75
887 2272 940 2343 qui
958 2273 989 2330 iu
1008 2273 1061 2330 illu
1080 2289 1117 2330 re
1135 2273 1210 2344 qur'd
1223 2269 1333 2344 fucere

153 2371 338 2444 potuerit,
358 2384 417 2427 uou
436 2368 597 2427 babebat
615 2359 685 2446 (sed
705 2361 761 2426 011.
777 2361 810 2428 0.
826 2363 859 2429 F.
875 2363 926 2429 W.
941 2363 1090 2428 Muelleri
1110 2364 1219 2428 adnot.
1239 2363 1332 2448 orit),

156 2464 362 2543 possuntque
397 2459 579 2542 comparari
613 2460 713 2523 etiam
747 2459 827 2524 haec
856 2484 886 2544 p.
917 2459 1022 2525 Balbo
1048 2463 1069 2525 2
1100 2483 1179 2539 quue
1210 2465 1334 2540 suerr't

159 2565 303 2622 hesterno
318 2564 368 2622 die
386 2563 437 2622 Cu.
453 2563 577 2637 Pompei
587 2564 727 2636 qruur'lus
747 2565 778 2621 r'u
800 2565 937 2636 dicende,
953 2565 1077 2638 iudices
1097 2581 1176 2636 quae
1186 2562 1331 2637 facultas,

157 2678 239 2734 quae
258 2662 357 2735 coptu,
377 2677 436 2719 uuu
451 2662 592 2735 opiutoue
605 2662 702 2718 tacita
720 2666 890 2720 uestrorum
904 2663 1083 2732 culmorum,
1102 2663 1158 2721 sed
1166 2664 1332 2736 perspicuo

159 2760 368 2819 admiratique
390 2759 550 2818 declarari
571 2758 780 2833 uidebatur,
804 2777 834 2838 p.
854 2752 958 2818 Sestio
980 2755 1332 2833 1221111111111119111-

156 2861 263 2930 ficutr'o
294 2855 316 2930 s
318 2858 402 2916 ueri
408 2861 420 2914 t
447 2857 590 2929 emulum,
619 2872 698 2928 quoe
730 2859 900 2916 declurutr'o
931 2859 1094 2916 uoluntatis
1126 2857 1164 2916 ub
1191 2859 1332 2917 uniuerso

155 2958 267 3032 populo
282 2954 420 3013 Romano
435 2955 466 3012 r'u
477 2969 573 3012 ceusu
587 2953 715 3011 bominis
725 2970 784 3012 uou
796 2955 964 3033 populeris,
976 2955 1113 3028 equidem
1128 2955 1332 3036 audiebam,

159 3056 339 3112 existimare
359 3049 485 3125 facilius
505 3056 640 3125 possunt,
659 3053 714 3124 qut
731 3049 915 3125 adsueruut;
939 3045 1112 3111 1111111111
1132 3046 1271 3110 Haasius
1292 3048 1331 3110 ad

161 3146 298 3230 Reisigii
323 3143 423 3209 schol.
446 3145 502 3208 lat.
525 3169 553 3223 p.
573 3142 638 3206 594
662 3141 719 3226 (=
743 3142 817 3208 edit.
841 3143 1045 3208 1111101111
1069 3167 1098 3228 p.
1117 3145 1182 3208 488
1202 3167 1231 3209 n.
1252 3141 1331 3229 500)

161 3248 193 3306 et
210 3241 389 3307 Wetzelius
408 3242 428 3305 l.
447 3241 468 3305 l.
486 3264 517 3324 p.
536 3240 577 3305 51
599 3263 623 3304 s.

248 3339 353 3406 Nulla
382 3361 480 3404 causa
507 3337 757 3423 Wesenbergius
788 3339 911 3403 emend.
936 3357 967 3422 p.
994 3339 1058 3403 104
1086 3338 1119 3402 in
1149 3343 1332 3421 temporum

163 3438 323 3521 praesenti
346 3437 501 3501 historico
527 3435 744 3501 subiectorum
767 3437 946 3502 variatione
970 3436 1134 3500 offendens
1153 3433 1235 3500 VIII
1259 3438 1292 3519 8,
1311 3439 1332 3501 2

163 3558 219 3614 quo
250 3546 339 3600 ueruto
366 3542 520 3615 proicitur
549 3538 663 3614 Appius
693 3541 807 3612 minor,
837 3545 871 3597 ut
903 3541 1049 3599 iudicet
1078 3536 1213 3614 [imptcet
1235 3533 1331 3614 Meu]

158 3629 355 3720 pecunium¹)
379 3655 419 3696 ex
446 3639 531 3697 bouis
555 3639 655 3710 putris
679 3639 854 3710 peruenisse
881 3638 924 3694 ud
946 3637 1107 3696 Seruilium
1131 3639 1332 3711 prueuurr'cu·

161 3739 311 3810 riour'sque
329 3753 425 3794 ceusu
445 3737 590 3794 diceret
605 3735 778 3808 depositum
797 3733 909 3791 HSLX
909 3733 994 3792 XXI
1009 3729 1149 3794 mutavit
1167 3731 1283 3793 iudicet
1300 3730 1332 3794 iu

160 3837 332 3903 iudicarem
365 3849 441 3891 nam
476 3827 586 3891 eodem
622 3824 718 3889 modo
759 3826 920 3909 optimum
953 3848 1110 3911 quemque
1143 3828 1330 3909 scriptorem

160 3927 306 3992 locutum
334 3947 405 3990 esse
429 3925 578 4009 exempla
601 3923 717 3988 docent
741 3919 906 3988 Ciceronis
930 3928 963 3987 et
986 3923 1068 3988 Livii
1091 3946 1110 3987 a
1134 3923 1296 4007 Draegero
1317 3923 1331 3986 I

233 4183 260 4248 1)
275 4180 423 4250 peucetiam
440 4177 568 4250 reposuit
581 4178 723 4233 Victorius
737 4195 787 4247 pro
804 4195 836 4232 eo
851 4179 927 4246 quod
946 4181 989 4233 est
1007 4179 1037 4234 in
1055 4180 1128 4237 Med.
1147 4181 1332 4250 depectuutuuu,

167 4257 246 4324 eique
268 4257 396 4314 obsecuti
414 4258 544 4312 Baiterus
564 4261 592 4312 et
611 4257 830 4326 Wesenbergius
852 4262 1029 4328 receperunt3
1058 4277 1109 4314 nec
1132 4261 1228 4314 tamen
1255 4264 1333 4315 certa

166 4338 324 4393 emendatio
348 4341 398 4392 est.
437 4337 484 4392 cfr.
505 4339 535 4394 L.
554 4337 797 4392 Mendelseohnius
820 4339 913 4393 annal.
932 4338 1031 4409 philol.
1053 4339 1190 4394 CXXXIII
1208 4359 1235 4410 p.
1253 4347 1286 4396 65
1302 4360 1332 4410 s,

162 4433 214 4502 qui
235 4434 316 4487 scribi
334 4433 396 4489 vult
415 4423 471 4490 D‘c
487 4436 658 4506 [pecuniam]
679 4455 712 4491 eu
731 4438 808 4492 bouis
826 4453 849 4492 e.
865 4456 892 4506 q.
906 4456 926 4491 s.
