<?xml version="1.0" encoding="UTF-8"?>
<!DOCTYPE html PUBLIC "-//W3C//DTD XHTML 1.0 Transitional//EN"
    "http://www.w3.org/TR/xhtml1/DTD/xhtml1-transitional.dtd">
<html xmlns="http://www.w3.org/1999/xhtml" xml:lang="en" lang="en">
 <head>
  <title>
</title>
<meta http-equiv="Content-Type" content="text/html;charset=utf-8" />
  <meta name='ocr-system' content='tesseract 3.04.00' />
  <meta name='ocr-capabilities' content='ocr_page ocr_carea ocr_par ocr_line ocrx_word'/>
</head>
<body>
  <div class='ocr_page' id='page_1' title='image "./demcaeliirufige00burggoog_0011.png"; bbox 0 0 3192 5024; ppageno 0'>
   <div class='ocr_carea' id='block_1_1' title="bbox 740 371 931 433">
    <p class='ocr_par' dir='ltr' id='par_1_1' title="bbox 740 371 931 433">
     <span class='ocr_line' id='line_1_1' title="bbox 740 371 931 433; baseline 0 -15"><span class='ocrx_word' id='word_1_1' title='bbox 740 371 931 433; x_wconf 72' lang='grc'><strong>-6-</strong></span> 
     </span>
    </p>
   </div>
   <div class='ocr_carea' id='block_1_2' title="bbox 252 529 1430 3840">
    <p class='ocr_par' dir='ltr' id='par_1_2' title="bbox 252 529 1408 717">
     <span class='ocr_line' id='line_1_2' title="bbox 252 529 1408 618; baseline -0.004 -20"><span class='ocrx_word' id='word_1_2' title='bbox 252 535 485 600; x_wconf 88' lang='lat' dir='ltr'><strong>nonnullorum</strong></span> <span class='ocrx_word' id='word_1_3' title='bbox 503 533 601 597; x_wconf 85' lang='lat' dir='ltr'><strong>exeis</strong></span> <span class='ocrx_word' id='word_1_4' title='bbox 621 533 676 616; x_wconf 91' lang='lat' dir='ltr'><strong>qui</strong></span> <span class='ocrx_word' id='word_1_5' title='bbox 696 531 736 595; x_wconf 89' lang='lat' dir='ltr'><strong>ad</strong></span> <span class='ocrx_word' id='word_1_6' title='bbox 750 529 938 598; x_wconf 79' lang='lat' dir='ltr'>Ciceronem</span> <span class='ocrx_word' id='word_1_7' title='bbox 958 533 1112 618; x_wconf 79' lang='lat' dir='ltr'><strong>epistulas</strong></span> <span class='ocrx_word' id='word_1_8' title='bbox 1131 534 1287 598; x_wconf 83' lang='lat' dir='ltr'><strong>dederunt</strong></span> <span class='ocrx_word' id='word_1_9' title='bbox 1305 529 1408 594; x_wconf 88' lang='lat' dir='ltr'><strong>oratio</strong></span> 
     </span>
     <span class='ocr_line' id='line_1_3' title="bbox 253 627 823 717; baseline -0.007 -21"><span class='ocrx_word' id='word_1_10' title='bbox 253 656 326 698; x_wconf 91' lang='lat' dir='ltr'><strong>nem</strong></span> <span class='ocrx_word' id='word_1_11' title='bbox 351 629 582 716; x_wconf 87' lang='lat' dir='ltr'><strong>perdiligenter</strong></span> <span class='ocrx_word' id='word_1_12' title='bbox 605 629 790 694; x_wconf 88' lang='lat' dir='ltr'><strong>illustravit.</strong></span> <span class='ocrx_word' id='word_1_13' title='bbox 798 627 823 717; x_wconf 81' lang='lat'><strong>¹)</strong></span> 
     </span>
    </p>

    <p class='ocr_par' dir='ltr' id='par_1_3' title="bbox 254 726 1421 1184">
     <span class='ocr_line' id='line_1_4' title="bbox 343 726 1421 813; baseline -0.007 -19"><span class='ocrx_word' id='word_1_14' title='bbox 343 728 405 794; x_wconf 81' lang='lat' dir='ltr'><strong>Sed</strong></span> <span class='ocrx_word' id='word_1_15' title='bbox 429 730 603 810; x_wconf 91' lang='lat' dir='ltr'><strong>antequam</strong></span> <span class='ocrx_word' id='word_1_16' title='bbox 627 726 666 791; x_wconf 89' lang='lat' dir='ltr'><strong>dc</strong></span> <span class='ocrx_word' id='word_1_17' title='bbox 690 728 828 812; x_wconf 90' lang='lat' dir='ltr'><strong>singulis</strong></span> <span class='ocrx_word' id='word_1_18' title='bbox 854 728 962 812; x_wconf 90' lang='lat' dir='ltr'><strong>disput</strong></span> <span class='ocrx_word' id='word_1_19' title='bbox 964 751 1018 793; x_wconf 89' lang='lat' dir='ltr'><strong>are</strong></span> <span class='ocrx_word' id='word_1_20' title='bbox 1041 730 1208 839; x_wconf 84' lang='lat' dir='ltr'><strong>incipiam,</strong></span> <span class='ocrx_word' id='word_1_21' title='bbox 1231 750 1327 812; x_wconf 88' lang='lat' dir='ltr'><strong>quam</strong></span> <span class='ocrx_word' id='word_1_22' title='bbox 1351 726 1421 788; x_wconf 90' lang='lat' dir='ltr'><strong>bre-</strong></span> 
     </span>
     <span class='ocr_line' id='line_1_5' title="bbox 254 824 1421 986; baseline -0.003 -96"><span class='ocrx_word' id='word_1_23' title='bbox 254 828 383 892; x_wconf 87' lang='lat' dir='ltr'><strong>vissime</strong></span> <span class='ocrx_word' id='word_1_24' title='bbox 390 824 538 910; x_wconf 88' lang='lat' dir='ltr'><strong>,quippe</strong></span> <span class='ocrx_word' id='word_1_25' title='bbox 566 826 643 907; x_wconf 90' lang='lat' dir='ltr'><strong>post</strong></span> <span class='ocrx_word' id='word_1_26' title='bbox 667 824 803 888; x_wconf 92' lang='lat' dir='ltr'><strong>aliorum</strong></span> <span class='ocrx_word' id='word_1_27' title='bbox 833 848 913 908; x_wconf 90' lang='lat' dir='ltr'><strong>quos</strong></span> <span class='ocrx_word' id='word_1_28' title='bbox 937 827 1121 891; x_wconf 84' lang='lat' dir='ltr'><strong>enumeravi</strong></span> <span class='ocrx_word' id='word_1_29' title='bbox 1149 826 1305 986; x_wconf 84' lang='lat' dir='ltr'><strong>egregias</strong></span> <span class='ocrx_word' id='word_1_30' title='bbox 1320 845 1421 904; x_wconf 91' lang='lat' dir='ltr'><strong>ouras,</strong></span> 
     </span>
     <span class='ocr_line' id='line_1_6' title="bbox 254 919 1421 1008; baseline -0.004 -20"><span class='ocrx_word' id='word_1_31' title='bbox 254 925 326 990; x_wconf 86' lang='lat' dir='ltr'><strong>de</strong></span> <span class='ocrx_word' id='word_1_32' title='bbox 317 924 456 1007; x_wconf 87' lang='lat' dir='ltr'><strong>mgcnio,</strong></span> <span class='ocrx_word' id='word_1_33' title='bbox 480 921 683 1004; x_wconf 86' lang='lat' dir='ltr'><strong>moribus,</strong></span> <span class='ocrx_word' id='word_1_34' title='bbox 653 925 700 985; x_wconf 77' lang='lat' dir='ltr'><strong>nt</strong></span> <span class='ocrx_word' id='word_1_35' title='bbox 702 945 721 986; x_wconf 92' lang='lat' dir='ltr'><strong>a</strong></span> <span class='ocrx_word' id='word_1_36' title='bbox 740 921 849 1005; x_wconf 86' lang='lat' dir='ltr'><strong>Caelii,</strong></span> <span class='ocrx_word' id='word_1_37' title='bbox 873 946 893 986; x_wconf 94' lang='grc' dir='ltr'><strong>ιι</strong></span> <span class='ocrx_word' id='word_1_38' title='bbox 895 926 986 1006; x_wconf 87' lang='lat' dir='ltr'><strong>ttpoc</strong></span> <span class='ocrx_word' id='word_1_39' title='bbox 1010 924 1125 1008; x_wconf 90' lang='lat' dir='ltr'><strong>quibus</strong></span> <span class='ocrx_word' id='word_1_40' title='bbox 1150 927 1254 989; x_wconf 87' lang='lat' dir='ltr'><strong>ora-10</strong></span> <span class='ocrx_word' id='word_1_41' title='bbox 1278 923 1348 986; x_wconf 89' lang='lat' dir='ltr'><strong>cius</strong></span> <span class='ocrx_word' id='word_1_42' title='bbox 1371 919 1421 984; x_wconf 90' lang='lat' dir='ltr'><strong>de-</strong></span> 
     </span>
     <span class='ocr_line' id='line_1_7' title="bbox 254 1019 1420 1106; baseline -0.005 -19"><span class='ocrx_word' id='word_1_43' title='bbox 254 1027 343 1088; x_wconf 89' lang='lat' dir='ltr'><strong>recta</strong></span> <span class='ocrx_word' id='word_1_44' title='bbox 362 1025 459 1105; x_wconf 90' lang='lat' dir='ltr'><strong>atquc</strong></span> <span class='ocrx_word' id='word_1_45' title='bbox 478 1019 655 1083; x_wconf 89' lang='lat' dir='ltr'><strong>constituta</strong></span> <span class='ocrx_word' id='word_1_46' title='bbox 674 1019 726 1102; x_wconf 85' lang='lat' dir='ltr'><strong>sit,</strong></span> <span class='ocrx_word' id='word_1_47' title='bbox 746 1020 966 1102; x_wconf 87' lang='lat' dir='ltr'><strong>exponendum</strong></span> <span class='ocrx_word' id='word_1_48' title='bbox 986 1022 1057 1106; x_wconf 85' lang='lat' dir='ltr'><strong>erit,</strong></span> <span class='ocrx_word' id='word_1_49' title='bbox 1071 1045 1134 1106; x_wconf 91' lang='lat' dir='ltr'><strong>qua</strong></span> <span class='ocrx_word' id='word_1_50' title='bbox 1152 1023 1185 1086; x_wconf 91' lang='lat' dir='ltr'><strong>in</strong></span> <span class='ocrx_word' id='word_1_51' title='bbox 1204 1025 1296 1106; x_wconf 88' lang='lat' dir='ltr'><strong>parte</strong></span> <span class='ocrx_word' id='word_1_52' title='bbox 1315 1019 1420 1103; x_wconf 88' lang='lat' dir='ltr'><strong>dispu-</strong></span> 
     </span>
     <span class='ocr_line' id='line_1_8' title="bbox 254 1117 1117 1184; baseline -0.001 0"><span class='ocrx_word' id='word_1_53' title='bbox 254 1119 388 1184; x_wconf 80' lang='lat' dir='ltr'><strong>tationis</strong></span> <span class='ocrx_word' id='word_1_54' title='bbox 412 1117 508 1181; x_wconf 90' lang='lat' dir='ltr'><strong>simul</strong></span> <span class='ocrx_word' id='word_1_55' title='bbox 533 1119 677 1180; x_wconf 86' lang='lat' dir='ltr'><strong>veterum</strong></span> <span class='ocrx_word' id='word_1_56' title='bbox 700 1117 817 1180; x_wconf 91' lang='lat' dir='ltr'><strong>iudicia</strong></span> <span class='ocrx_word' id='word_1_57' title='bbox 840 1119 879 1181; x_wconf 89' lang='lat' dir='ltr'><strong>dc</strong></span> <span class='ocrx_word' id='word_1_58' title='bbox 903 1139 940 1182; x_wconf 91' lang='lat' dir='ltr'><strong>eo</strong></span> <span class='ocrx_word' id='word_1_59' title='bbox 965 1117 1117 1184; x_wconf 87' lang='lat' dir='ltr'><strong>adferam.</strong></span> 
     </span>
    </p>

    <p class='ocr_par' dir='ltr' id='par_1_4' title="bbox 255 1212 1427 2672">
     <span class='ocr_line' id='line_1_9' title="bbox 344 1212 1422 1299; baseline -0.002 -18"><span class='ocrx_word' id='word_1_60' title='bbox 344 1216 497 1282; x_wconf 84' lang='lat' dir='ltr'><strong>Cenitum</strong></span> <span class='ocrx_word' id='word_1_61' title='bbox 527 1236 598 1279; x_wconf 85' lang='lat' dir='ltr'><strong>esse</strong></span> <span class='ocrx_word' id='word_1_62' title='bbox 625 1212 770 1279; x_wconf 89' lang='lat' dir='ltr'><strong>Caelium</strong></span> <span class='ocrx_word' id='word_1_63' title='bbox 800 1213 834 1280; x_wconf 89' lang='lat' dir='ltr'><strong>C.</strong></span> <span class='ocrx_word' id='word_1_64' title='bbox 865 1214 969 1279; x_wconf 89' lang='lat' dir='ltr'><strong>Mario</strong></span> <span class='ocrx_word' id='word_1_65' title='bbox 1000 1213 1057 1280; x_wconf 90' lang='lat' dir='ltr'><strong>Cn.</strong></span> <span class='ocrx_word' id='word_1_66' title='bbox 1081 1215 1229 1282; x_wconf 80' lang='lat' dir='ltr'><strong>Carbone</strong></span> <span class='ocrx_word' id='word_1_67' title='bbox 1251 1216 1301 1279; x_wconf 90' lang='lat' dir='ltr'><strong>Ill</strong></span> <span class='ocrx_word' id='word_1_68' title='bbox 1331 1238 1422 1299; x_wconf 80' lang='lat' dir='ltr'><strong>coss,</strong></span> 
     </span>
     <span class='ocr_line' id='line_1_10' title="bbox 257 1310 1423 1393; baseline -0.003 -13"><span class='ocrx_word' id='word_1_69' title='bbox 257 1318 277 1381; x_wconf 90' lang='lat' dir='ltr'><strong>i.</strong></span> <span class='ocrx_word' id='word_1_70' title='bbox 302 1338 327 1380; x_wconf 94' lang='lat' dir='ltr'><strong>e.</strong></span> <span class='ocrx_word' id='word_1_71' title='bbox 359 1335 444 1377; x_wconf 90' lang='lat' dir='ltr'><strong>anno</strong></span> <span class='ocrx_word' id='word_1_72' title='bbox 476 1312 569 1377; x_wconf 88' lang='lat' dir='ltr'><strong>abu.</strong></span> <span class='ocrx_word' id='word_1_73' title='bbox 594 1334 618 1376; x_wconf 91' lang='lat' dir='ltr'><strong>c.</strong></span> <span class='ocrx_word' id='word_1_74' title='bbox 643 1313 796 1377; x_wconf 77' lang='lat'><strong>672=82</strong></span> <span class='ocrx_word' id='word_1_75' title='bbox 820 1335 847 1376; x_wconf 90' lang='lat' dir='ltr'><strong>a.</strong></span> <span class='ocrx_word' id='word_1_76' title='bbox 872 1310 928 1377; x_wconf 90' lang='lat' dir='ltr'><strong>Ch.</strong></span> <span class='ocrx_word' id='word_1_77' title='bbox 952 1335 992 1393; x_wconf 82' lang='grc' dir='ltr'>ιι,</span> <span class='ocrx_word' id='word_1_78' title='bbox 1019 1312 1144 1378; x_wconf 80' lang='lat' dir='ltr'>Plinius</span> <span class='ocrx_word' id='word_1_79' title='bbox 1172 1316 1236 1378; x_wconf 88' lang='lat' dir='ltr'><strong>nat.</strong></span> <span class='ocrx_word' id='word_1_80' title='bbox 1259 1313 1335 1378; x_wconf 88' lang='lat' dir='ltr'><strong>hist.</strong></span> <span class='ocrx_word' id='word_1_81' title='bbox 1359 1313 1423 1376; x_wconf 86' lang='lat' dir='ltr'><strong>VII</strong></span> 
     </span>
     <span class='ocr_line' id='line_1_11' title="bbox 256 1407 1421 1500; baseline -0.003 -22"><span class='ocrx_word' id='word_1_82' title='bbox 256 1415 313 1496; x_wconf 76' lang='lat'><strong>49,</strong></span> <span class='ocrx_word' id='word_1_83' title='bbox 339 1411 402 1477; x_wconf 82' lang='lat'><strong>165</strong></span> <span class='ocrx_word' id='word_1_84' title='bbox 435 1408 585 1492; x_wconf 83' lang='lat' dir='ltr'><strong>tradidit3</strong></span> <span class='ocrx_word' id='word_1_85' title='bbox 613 1431 722 1474; x_wconf 85' lang='lat' dir='ltr'><strong>verum</strong></span> <span class='ocrx_word' id='word_1_86' title='bbox 754 1407 969 1494; x_wconf 86' lang='lat' dir='ltr'><strong>Nipperdeius</strong></span> <span class='ocrx_word' id='word_1_87' title='bbox 1002 1432 1108 1500; x_wconf 86' lang='lat' dir='ltr'><strong>opusc.</strong></span> <span class='ocrx_word' id='word_1_88' title='bbox 1132 1435 1162 1495; x_wconf 88' lang='lat' dir='ltr'><strong>p.</strong></span> <span class='ocrx_word' id='word_1_89' title='bbox 1186 1412 1250 1476; x_wconf 77' lang='lat'><strong>298</strong></span> <span class='ocrx_word' id='word_1_90' title='bbox 1275 1434 1299 1475; x_wconf 93' lang='lat' dir='ltr'><strong>s.</strong></span> <span class='ocrx_word' id='word_1_91' title='bbox 1327 1412 1421 1476; x_wconf 89' lang='lat' dir='ltr'><strong>certis</strong></span> 
     </span>
     <span class='ocr_line' id='line_1_12' title="bbox 258 1505 1424 1594; baseline -0.003 -19"><span class='ocrx_word' id='word_1_92' title='bbox 258 1508 456 1594; x_wconf 79' lang='lat' dir='ltr'><strong>argumentis</strong></span> <span class='ocrx_word' id='word_1_93' title='bbox 492 1505 588 1570; x_wconf 87' lang='lat' dir='ltr'><strong>evicit</strong></span> <span class='ocrx_word' id='word_1_94' title='bbox 622 1506 695 1571; x_wconf 92' lang='lat' dir='ltr'><strong>huic</strong></span> <span class='ocrx_word' id='word_1_95' title='bbox 727 1508 916 1572; x_wconf 87' lang='lat' dir='ltr'><strong>testimonio</strong></span> <span class='ocrx_word' id='word_1_96' title='bbox 946 1507 1041 1571; x_wconf 87' lang='lat' dir='ltr'><strong>fidem</strong></span> <span class='ocrx_word' id='word_1_97' title='bbox 1076 1508 1189 1572; x_wconf 87' lang='lat' dir='ltr'><strong>baberi</strong></span> <span class='ocrx_word' id='word_1_98' title='bbox 1223 1531 1288 1572; x_wconf 91' lang='lat' dir='ltr'><strong>non</strong></span> <span class='ocrx_word' id='word_1_99' title='bbox 1318 1532 1424 1592; x_wconf 86' lang='lat' dir='ltr'><strong>posse,</strong></span> 
     </span>
     <span class='ocr_line' id='line_1_13' title="bbox 255 1602 1424 1690; baseline -0.001 -19"><span class='ocrx_word' id='word_1_100' title='bbox 255 1606 531 1690; x_wconf 73' lang='lat' dir='ltr'><strong>probabiliterque</strong></span> <span class='ocrx_word' id='word_1_101' title='bbox 564 1604 701 1668; x_wconf 90' lang='lat' dir='ltr'><strong>coniecit</strong></span> <span class='ocrx_word' id='word_1_102' title='bbox 732 1602 876 1669; x_wconf 87' lang='lat' dir='ltr'><strong>Caelium</strong></span> <span class='ocrx_word' id='word_1_103' title='bbox 910 1603 944 1669; x_wconf 87' lang='lat' dir='ltr'><strong>L.</strong></span> <span class='ocrx_word' id='word_1_104' title='bbox 977 1603 1079 1670; x_wconf 90' lang='lat' dir='ltr'><strong>Cinna</strong></span> <span class='ocrx_word' id='word_1_105' title='bbox 1107 1605 1156 1669; x_wconf 91' lang='lat' dir='ltr'><strong>III</strong></span> <span class='ocrx_word' id='word_1_106' title='bbox 1190 1604 1246 1670; x_wconf 90' lang='lat' dir='ltr'><strong>Cn.</strong></span> <span class='ocrx_word' id='word_1_107' title='bbox 1274 1604 1424 1671; x_wconf 78' lang='lat' dir='ltr'><strong>Carbone</strong></span> 
     </span>
     <span class='ocr_line' id='line_1_14' title="bbox 256 1701 1424 1786; baseline -0.001 -17"><span class='ocrx_word' id='word_1_108' title='bbox 256 1727 336 1770; x_wconf 82' lang='lat' dir='ltr'><strong>cosa.</strong></span> <span class='ocrx_word' id='word_1_109' title='bbox 360 1701 478 1786; x_wconf 64' lang='lat' dir='ltr'>669f85</span> <span class='ocrx_word' id='word_1_110' title='bbox 502 1703 616 1766; x_wconf 91' lang='lat' dir='ltr'><strong>natum</strong></span> <span class='ocrx_word' id='word_1_111' title='bbox 641 1724 719 1782; x_wconf 86' lang='lat' dir='ltr'><strong>esse,</strong></span> <span class='ocrx_word' id='word_1_112' title='bbox 743 1725 824 1786; x_wconf 92' lang='lat' dir='ltr'><strong>quae</strong></span> <span class='ocrx_word' id='word_1_113' title='bbox 849 1702 1031 1768; x_wconf 88' lang='lat' dir='ltr'><strong>coniectura</strong></span> <span class='ocrx_word' id='word_1_114' title='bbox 1054 1703 1237 1786; x_wconf 91' lang='lat' dir='ltr'><strong>nuperrime</strong></span> <span class='ocrx_word' id='word_1_115' title='bbox 1261 1727 1281 1768; x_wconf 91' lang='lat' dir='ltr'><strong>a</strong></span> <span class='ocrx_word' id='word_1_116' title='bbox 1301 1704 1424 1768; x_wconf 90' lang='lat' dir='ltr'><strong>Wisch-</strong></span> 
     </span>
     <span class='ocr_line' id='line_1_15' title="bbox 256 1800 1425 1887; baseline 0 -21"><span class='ocrx_word' id='word_1_117' title='bbox 256 1804 402 1868; x_wconf 80' lang='lat' dir='ltr'><strong>lroeltero</strong></span> <span class='ocrx_word' id='word_1_118' title='bbox 426 1801 447 1864; x_wconf 94' lang='lat' dir='ltr'><strong>l.</strong></span> <span class='ocrx_word' id='word_1_119' title='bbox 470 1801 489 1864; x_wconf 95' lang='grc'><strong>1.</strong></span> <span class='ocrx_word' id='word_1_120' title='bbox 512 1823 543 1884; x_wconf 89' lang='lat' dir='ltr'><strong>p.</strong></span> <span class='ocrx_word' id='word_1_121' title='bbox 567 1800 588 1864; x_wconf 89' lang='lat'>4</span> <span class='ocrx_word' id='word_1_122' title='bbox 608 1822 648 1864; x_wconf 89' lang='lat' dir='ltr'><strong>ss.</strong></span> <span class='ocrx_word' id='word_1_123' title='bbox 672 1802 797 1865; x_wconf 89' lang='lat' dir='ltr'><strong>munita</strong></span> <span class='ocrx_word' id='word_1_124' title='bbox 821 1805 878 1864; x_wconf 88' lang='lat' dir='ltr'><strong>est.</strong></span> <span class='ocrx_word' id='word_1_125' title='bbox 924 1805 1054 1886; x_wconf 90' lang='lat' dir='ltr'><strong>sumpta</strong></span> <span class='ocrx_word' id='word_1_126' title='bbox 1078 1801 1163 1865; x_wconf 86' lang='lat' dir='ltr'><strong>virili</strong></span> <span class='ocrx_word' id='word_1_127' title='bbox 1191 1805 1269 1886; x_wconf 89' lang='lat' dir='ltr'><strong>toga</strong></span> <span class='ocrx_word' id='word_1_128' title='bbox 1292 1826 1311 1866; x_wconf 90' lang='lat' dir='ltr'><strong>a</strong></span> <span class='ocrx_word' id='word_1_129' title='bbox 1334 1807 1425 1887; x_wconf 87' lang='lat' dir='ltr'><strong>patre</strong></span> 
     </span>
     <span class='ocr_line' id='line_1_16' title="bbox 256 1898 1426 1984; baseline -0.001 -19"><span class='ocrx_word' id='word_1_130' title='bbox 256 1901 338 1965; x_wconf 92' lang='lat' dir='ltr'><strong>mori</strong></span> <span class='ocrx_word' id='word_1_131' title='bbox 362 1899 411 1962; x_wconf 93' lang='lat' dir='ltr'><strong>illi</strong></span> <span class='ocrx_word' id='word_1_132' title='bbox 435 1899 579 1981; x_wconf 90' lang='lat' dir='ltr'><strong>antiquo,</strong></span> <span class='ocrx_word' id='word_1_133' title='bbox 603 1919 698 1982; x_wconf 91' lang='lat' dir='ltr'><strong>quem</strong></span> <span class='ocrx_word' id='word_1_134' title='bbox 722 1898 854 1962; x_wconf 80' lang='lat' dir='ltr'><strong>Tacitus</strong></span> <span class='ocrx_word' id='word_1_135' title='bbox 879 1898 995 1981; x_wconf 86' lang='lat' dir='ltr'><strong>dialog.</strong></span> <span class='ocrx_word' id='word_1_136' title='bbox 1015 1921 1041 1962; x_wconf 93' lang='lat' dir='ltr'><strong>c.</strong></span> <span class='ocrx_word' id='word_1_137' title='bbox 1061 1899 1103 1962; x_wconf 88' lang='grc'><strong>34</strong></span> <span class='ocrx_word' id='word_1_138' title='bbox 1128 1900 1160 1962; x_wconf 89' lang='lat' dir='ltr'><strong>et</strong></span> <span class='ocrx_word' id='word_1_139' title='bbox 1183 1899 1225 1964; x_wconf 80' lang='lat'><strong>35</strong></span> <span class='ocrx_word' id='word_1_140' title='bbox 1249 1900 1426 1984; x_wconf 71' lang='lat' dir='ltr'><strong>descripsit,</strong></span> 
     </span>
     <span class='ocr_line' id='line_1_17' title="bbox 258 1994 1424 2063; baseline -0.002 0"><span class='ocrx_word' id='word_1_141' title='bbox 258 1998 486 2063; x_wconf 88' lang='lat' dir='ltr'><strong>convenienter</strong></span> <span class='ocrx_word' id='word_1_142' title='bbox 506 1996 544 2060; x_wconf 87' lang='lat' dir='ltr'><strong>ad</strong></span> <span class='ocrx_word' id='word_1_143' title='bbox 565 1994 607 2058; x_wconf 91' lang='grc' dir='ltr'><strong>Μ.</strong></span> <span class='ocrx_word' id='word_1_144' title='bbox 623 1994 767 2059; x_wconf 86' lang='lat' dir='ltr'><strong>Tullium</strong></span> <span class='ocrx_word' id='word_1_145' title='bbox 788 1995 972 2060; x_wconf 79' lang='lat' dir='ltr'><strong>Ciceronem</strong></span> <span class='ocrx_word' id='word_1_146' title='bbox 993 1999 1025 2059; x_wconf 90' lang='lat' dir='ltr'><strong>et</strong></span> <span class='ocrx_word' id='word_1_147' title='bbox 1044 1994 1086 2059; x_wconf 94' lang='lat' dir='ltr'><strong>M.</strong></span> <span class='ocrx_word' id='word_1_148' title='bbox 1101 1995 1259 2061; x_wconf 87' lang='lat' dir='ltr'><strong>Licinium</strong></span> <span class='ocrx_word' id='word_1_149' title='bbox 1274 1995 1424 2062; x_wconf 86' lang='lat' dir='ltr'><strong>Crassum</strong></span> 
     </span>
     <span class='ocr_line' id='line_1_18' title="bbox 257 2094 1424 2179; baseline -0.002 -19"><span class='ocrx_word' id='word_1_150' title='bbox 257 2096 412 2160; x_wconf 89' lang='lat' dir='ltr'><strong>deductus</strong></span> <span class='ocrx_word' id='word_1_151' title='bbox 431 2096 490 2176; x_wconf 81' lang='lat' dir='ltr'><strong>est,</strong></span> <span class='ocrx_word' id='word_1_152' title='bbox 509 2114 646 2176; x_wconf 87' lang='lat' dir='ltr'><strong>quorum</strong></span> <span class='ocrx_word' id='word_1_153' title='bbox 665 2094 894 2158; x_wconf 90' lang='lat' dir='ltr'><strong>consuetudine</strong></span> <span class='ocrx_word' id='word_1_154' title='bbox 910 2117 947 2158; x_wconf 90' lang='lat' dir='ltr'><strong>ac</strong></span> <span class='ocrx_word' id='word_1_155' title='bbox 967 2094 1138 2178; x_wconf 87' lang='lat' dir='ltr'><strong>disciplina</strong></span> <span class='ocrx_word' id='word_1_156' title='bbox 1152 2094 1193 2157; x_wconf 90' lang='lat' dir='ltr'><strong>ad</strong></span> <span class='ocrx_word' id='word_1_157' title='bbox 1208 2096 1424 2179; x_wconf 83' lang='lat' dir='ltr'><strong>eloquentiam</strong></span> 
     </span>
     <span class='ocr_line' id='line_1_19' title="bbox 256 2190 1425 2278; baseline -0.001 -20"><span class='ocrx_word' id='word_1_158' title='bbox 256 2213 413 2275; x_wconf 91' lang='lat' dir='ltr'><strong>usumque</strong></span> <span class='ocrx_word' id='word_1_159' title='bbox 437 2190 598 2254; x_wconf 84' lang='lat' dir='ltr'><strong>forensem</strong></span> <span class='ocrx_word' id='word_1_160' title='bbox 622 2190 853 2255; x_wconf 86' lang='lat' dir='ltr'><strong>institueretur.</strong></span> <span class='ocrx_word' id='word_1_161' title='bbox 904 2213 962 2256; x_wconf 90' lang='lat' dir='ltr'><strong>ucc</strong></span> <span class='ocrx_word' id='word_1_162' title='bbox 984 2193 1105 2256; x_wconf 88' lang='lat' dir='ltr'><strong>talibus</strong></span> <span class='ocrx_word' id='word_1_163' title='bbox 1134 2193 1298 2276; x_wconf 86' lang='lat' dir='ltr'><strong>magistris</strong></span> <span class='ocrx_word' id='word_1_164' title='bbox 1320 2193 1425 2278; x_wconf 87' lang='lat' dir='ltr'><strong>indig-</strong></span> 
     </span>
     <span class='ocr_line' id='line_1_20' title="bbox 256 2287 1425 2373; baseline 0.003 -19"><span class='ocrx_word' id='word_1_165' title='bbox 256 2313 333 2354; x_wconf 91' lang='lat' dir='ltr'><strong>num</strong></span> <span class='ocrx_word' id='word_1_166' title='bbox 365 2312 399 2353; x_wconf 89' lang='lat' dir='ltr'><strong>sc</strong></span> <span class='ocrx_word' id='word_1_167' title='bbox 427 2287 592 2372; x_wconf 81' lang='lat' dir='ltr'><strong>praebuit3</strong></span> <span class='ocrx_word' id='word_1_168' title='bbox 620 2310 695 2351; x_wconf 90' lang='lat' dir='ltr'><strong>nam</strong></span> <span class='ocrx_word' id='word_1_169' title='bbox 724 2290 889 2370; x_wconf 89' lang='lat' dir='ltr'><strong>praeclaro</strong></span> <span class='ocrx_word' id='word_1_170' title='bbox 917 2288 974 2351; x_wconf 87' lang='lat' dir='ltr'><strong>ille</strong></span> <span class='ocrx_word' id='word_1_171' title='bbox 1002 2290 1131 2373; x_wconf 88' lang='lat' dir='ltr'><strong>ingenio</strong></span> <span class='ocrx_word' id='word_1_172' title='bbox 1159 2291 1324 2372; x_wconf 88' lang='lat' dir='ltr'><strong>praeditus</strong></span> <span class='ocrx_word' id='word_1_173' title='bbox 1352 2314 1425 2357; x_wconf 93' lang='lat' dir='ltr'><strong>con-</strong></span> 
     </span>
     <span class='ocr_line' id='line_1_21' title="bbox 258 2387 1426 2472; baseline 0.001 -19"><span class='ocrx_word' id='word_1_174' title='bbox 258 2389 439 2472; x_wconf 86' lang='lat' dir='ltr'><strong>citatusqua</strong></span> <span class='ocrx_word' id='word_1_175' title='bbox 464 2407 588 2450; x_wconf 90' lang='lat' dir='ltr'><strong>summo</strong></span> <span class='ocrx_word' id='word_1_176' title='bbox 613 2387 730 2450; x_wconf 86' lang='lat' dir='ltr'><strong>mentis</strong></span> <span class='ocrx_word' id='word_1_177' title='bbox 755 2387 794 2450; x_wconf 90' lang='lat' dir='ltr'><strong>ad</strong></span> <span class='ocrx_word' id='word_1_178' title='bbox 823 2387 960 2471; x_wconf 85' lang='lat' dir='ltr'><strong>gloriam</strong></span> <span class='ocrx_word' id='word_1_179' title='bbox 984 2387 1097 2451; x_wconf 91' lang='lat' dir='ltr'><strong>ardore</strong></span> <span class='ocrx_word' id='word_1_180' title='bbox 1121 2409 1192 2452; x_wconf 91' lang='lat' dir='ltr'><strong>cum</strong></span> <span class='ocrx_word' id='word_1_181' title='bbox 1216 2392 1305 2454; x_wconf 90' lang='lat' dir='ltr'><strong>totus</strong></span> <span class='ocrx_word' id='word_1_182' title='bbox 1329 2413 1362 2454; x_wconf 89' lang='lat' dir='ltr'><strong>se</strong></span> <span class='ocrx_word' id='word_1_183' title='bbox 1387 2391 1426 2454; x_wconf 89' lang='lat' dir='ltr'><strong>ad</strong></span> 
     </span>
     <span class='ocr_line' id='line_1_22' title="bbox 257 2483 1427 2573; baseline 0.003 -22"><span class='ocrx_word' id='word_1_184' title='bbox 257 2485 427 2551; x_wconf 89' lang='lat' dir='ltr'><strong>dicendum</strong></span> <span class='ocrx_word' id='word_1_185' title='bbox 452 2484 654 2567; x_wconf 85' lang='lat' dir='ltr'><strong>contulisset,</strong></span> <span class='ocrx_word' id='word_1_186' title='bbox 677 2483 797 2550; x_wconf 86' lang='lat' dir='ltr'><strong>factum</strong></span> <span class='ocrx_word' id='word_1_187' title='bbox 823 2488 884 2570; x_wconf 85' lang='lat' dir='ltr'><strong>est,</strong></span> <span class='ocrx_word' id='word_1_188' title='bbox 908 2490 944 2552; x_wconf 91' lang='lat' dir='ltr'><strong>ut</strong></span> <span class='ocrx_word' id='word_1_189' title='bbox 967 2508 1126 2551; x_wconf 88' lang='lat' dir='ltr'><strong>summam</strong></span> <span class='ocrx_word' id='word_1_190' title='bbox 1150 2488 1182 2549; x_wconf 89' lang='lat' dir='ltr'><strong>et</strong></span> <span class='ocrx_word' id='word_1_191' title='bbox 1205 2487 1288 2571; x_wconf 89' lang='lat' dir='ltr'><strong>apud</strong></span> <span class='ocrx_word' id='word_1_192' title='bbox 1314 2511 1427 2573; x_wconf 88' lang='lat' dir='ltr'><strong>aequa-</strong></span> 
     </span>
     <span class='ocr_line' id='line_1_23' title="bbox 257 2581 1302 2672; baseline 0.001 -24"><span class='ocrx_word' id='word_1_193' title='bbox 257 2587 304 2648; x_wconf 89' lang='lat' dir='ltr'><strong>les</strong></span> <span class='ocrx_word' id='word_1_194' title='bbox 328 2588 362 2647; x_wconf 89' lang='lat' dir='ltr'><strong>et</strong></span> <span class='ocrx_word' id='word_1_195' title='bbox 384 2581 468 2665; x_wconf 90' lang='lat' dir='ltr'><strong>apud</strong></span> <span class='ocrx_word' id='word_1_196' title='bbox 492 2585 640 2667; x_wconf 89' lang='lat' dir='ltr'><strong>posteros</strong></span> <span class='ocrx_word' id='word_1_197' title='bbox 664 2583 790 2646; x_wconf 89' lang='lat' dir='ltr'><strong>laudem</strong></span> <span class='ocrx_word' id='word_1_198' title='bbox 816 2586 992 2649; x_wconf 92' lang='lat' dir='ltr'><strong>oratoriam</strong></span> <span class='ocrx_word' id='word_1_199' title='bbox 1016 2582 1302 2672; x_wconf 79' lang='lat' dir='ltr'><strong>consequeretur.²)</strong></span> 
     </span>
    </p>

    <p class='ocr_par' dir='ltr' id='par_1_5' title="bbox 259 2676 1430 3840">
     <span class='ocr_line' id='line_1_24' title="bbox 347 2676 1426 2767; baseline 0.004 -23"><span class='ocrx_word' id='word_1_200' title='bbox 347 2679 492 2744; x_wconf 87' lang='lat' dir='ltr'><strong>Recessit</strong></span> <span class='ocrx_word' id='word_1_201' title='bbox 511 2676 640 2743; x_wconf 88' lang='lat' dir='ltr'><strong>Caelius</strong></span> <span class='ocrx_word' id='word_1_202' title='bbox 660 2702 679 2742; x_wconf 89' lang='lat' dir='ltr'><strong>a</strong></span> <span class='ocrx_word' id='word_1_203' title='bbox 698 2677 851 2744; x_wconf 87' lang='lat' dir='ltr'><strong>Cicerone</strong></span> <span class='ocrx_word' id='word_1_204' title='bbox 871 2682 999 2766; x_wconf 60' lang='grc'>691163,</span> <span class='ocrx_word' id='word_1_205' title='bbox 1021 2703 1079 2744; x_wconf 91' lang='lat' dir='ltr'><strong>neo</strong></span> <span class='ocrx_word' id='word_1_206' title='bbox 1098 2681 1201 2745; x_wconf 87' lang='lat' dir='ltr'><strong>multo</strong></span> <span class='ocrx_word' id='word_1_207' title='bbox 1225 2687 1310 2767; x_wconf 87' lang='lat' dir='ltr'><strong>post,</strong></span> <span class='ocrx_word' id='word_1_208' title='bbox 1332 2685 1426 2748; x_wconf 91' lang='lat' dir='ltr'><strong>initio</strong></span> 
     </span>
     <span class='ocr_line' id='line_1_25' title="bbox 259 2775 1426 2862; baseline 0.003 -18"><span class='ocrx_word' id='word_1_209' title='bbox 259 2779 335 2844; x_wconf 85' lang='lat' dir='ltr'><strong>anni</strong></span> <span class='ocrx_word' id='word_1_210' title='bbox 360 2775 486 2861; x_wconf 64' lang='grc'>695159,</span> <span class='ocrx_word' id='word_1_211' title='bbox 509 2799 623 2841; x_wconf 89' lang='lat' dir='ltr'><strong>causas</strong></span> <span class='ocrx_word' id='word_1_212' title='bbox 647 2777 680 2838; x_wconf 91' lang='lat' dir='ltr'><strong>in</strong></span> <span class='ocrx_word' id='word_1_213' title='bbox 703 2775 775 2840; x_wconf 88' lang='lat' dir='ltr'><strong>foro</strong></span> <span class='ocrx_word' id='word_1_214' title='bbox 799 2778 902 2844; x_wconf 73' lang='lat' dir='ltr'><strong>[licere</strong></span> <span class='ocrx_word' id='word_1_215' title='bbox 925 2779 1040 2862; x_wconf 92' lang='lat' dir='ltr'><strong>coepit.</strong></span> <span class='ocrx_word' id='word_1_216' title='bbox 1081 2779 1246 2843; x_wconf 87' lang='lat' dir='ltr'><strong>accusavit</strong></span> <span class='ocrx_word' id='word_1_217' title='bbox 1268 2779 1303 2862; x_wconf 88' lang='lat' dir='ltr'><strong>C.</strong></span> <span class='ocrx_word' id='word_1_218' title='bbox 1327 2780 1426 2846; x_wconf 88' lang='lat' dir='ltr'><strong>Auto-</strong></span> 
     </span>
     <span class='ocr_line' id='line_1_26' title="bbox 261 2857 1425 2961; baseline 0.003 -21"><span class='ocrx_word' id='word_1_219' title='bbox 261 2879 348 2940; x_wconf 88' lang='lat' dir='ltr'><strong>nium</strong></span> <span class='ocrx_word' id='word_1_220' title='bbox 373 2873 557 2952; x_wconf 88' lang='lat' dir='ltr'><strong>Hibridam‚</strong></span> <span class='ocrx_word' id='word_1_221' title='bbox 582 2871 779 2938; x_wconf 88' lang='lat' dir='ltr'><strong>Ciceronis</strong></span> <span class='ocrx_word' id='word_1_222' title='bbox 770 2897 802 2937; x_wconf 90' lang='grc' dir='ltr'><strong>ιιι</strong></span> <span class='ocrx_word' id='word_1_223' title='bbox 826 2878 974 2942; x_wconf 88' lang='lat' dir='ltr'><strong>consulat</strong></span> <span class='ocrx_word' id='word_1_224' title='bbox 960 2882 995 2942; x_wconf 91' lang='lat' dir='ltr'><strong>tu</strong></span> <span class='ocrx_word' id='word_1_225' title='bbox 1019 2877 1187 2960; x_wconf 84' lang='lat' dir='ltr'><strong>collegam,</strong></span> <span class='ocrx_word' id='word_1_226' title='bbox 1211 2857 1295 2961; x_wconf 74' lang='lat' dir='ltr'><strong>quocl</strong></span> <span class='ocrx_word' id='word_1_227' title='bbox 1318 2881 1425 2944; x_wconf 88' lang='lat' dir='ltr'><strong>coniu-</strong></span> 
     </span>
     <span class='ocr_line' id='line_1_27' title="bbox 261 2969 1427 3056; baseline 0.005 -19"><span class='ocrx_word' id='word_1_228' title='bbox 261 2972 397 3038; x_wconf 87' lang='lat' dir='ltr'><strong>rationis</strong></span> <span class='ocrx_word' id='word_1_229' title='bbox 413 2969 473 3036; x_wconf 88' lang='lat' dir='ltr'><strong>Cat</strong></span> <span class='ocrx_word' id='word_1_230' title='bbox 474 2971 570 3036; x_wconf 90' lang='lat' dir='ltr'><strong>ilinae</strong></span> <span class='ocrx_word' id='word_1_231' title='bbox 584 2971 746 3055; x_wconf 87' lang='lat' dir='ltr'><strong>particeps</strong></span> <span class='ocrx_word' id='word_1_232' title='bbox 760 2972 921 3056; x_wconf 87' lang='lat' dir='ltr'><strong>fuissct‚e</strong></span> <span class='ocrx_word' id='word_1_233' title='bbox 923 2974 1162 3040; x_wconf 86' lang='lat' dir='ltr'><strong>tacorbissime</strong></span> <span class='ocrx_word' id='word_1_234' title='bbox 1178 2996 1250 3038; x_wconf 89' lang='lat' dir='ltr'><strong>cum</strong></span> <span class='ocrx_word' id='word_1_235' title='bbox 1264 2975 1427 3044; x_wconf 86' lang='lat' dir='ltr'><strong>insecutus</strong></span> 
     </span>
     <span class='ocr_line' id='line_1_28' title="bbox 263 3025 1428 3156; baseline 0.005 -21"><span class='ocrx_word' id='word_1_236' title='bbox 263 3070 420 3152; x_wconf 89' lang='lat' dir='ltr'><strong>oratione</strong></span> <span class='ocrx_word' id='word_1_237' title='bbox 449 3070 538 3133; x_wconf 89' lang='lat' dir='ltr'><strong>cuius</strong></span> <span class='ocrx_word' id='word_1_238' title='bbox 563 3068 755 3153; x_wconf 88' lang='lat' dir='ltr'><strong>particulam</strong></span> <span class='ocrx_word' id='word_1_239' title='bbox 786 3025 919 3156; x_wconf 88' lang='lat' dir='ltr'><strong>cognitu</strong></span> <span class='ocrx_word' id='word_1_240' title='bbox 944 3072 1030 3136; x_wconf 90' lang='lat' dir='ltr'><strong>haud</strong></span> <span class='ocrx_word' id='word_1_241' title='bbox 1056 3071 1261 3136; x_wconf 89' lang='lat' dir='ltr'><strong>iniucundam</strong></span> <span class='ocrx_word' id='word_1_242' title='bbox 1288 3076 1428 3141; x_wconf 89' lang='lat' dir='ltr'><strong>servavit</strong></span> 
     </span>
     <span class='ocr_line' id='line_1_29' title="bbox 263 3165 1426 3252; baseline 0.007 -21"><span class='ocrx_word' id='word_1_243' title='bbox 263 3168 387 3244; x_wconf 81' lang='lat' dir='ltr'><strong>Quint</strong></span> <span class='ocrx_word' id='word_1_244' title='bbox 362 3191 372 3231; x_wconf 92' lang='lat'>1</span> <span class='ocrx_word' id='word_1_245' title='bbox 389 3168 482 3231; x_wconf 90' lang='lat' dir='ltr'><strong>ianus</strong></span> <span class='ocrx_word' id='word_1_246' title='bbox 501 3165 548 3230; x_wconf 90' lang='lat' dir='ltr'><strong>IV</strong></span> <span class='ocrx_word' id='word_1_247' title='bbox 568 3167 598 3250; x_wconf 77' lang='lat'><strong>2,</strong></span> <span class='ocrx_word' id='word_1_248' title='bbox 620 3167 690 3250; x_wconf 81' lang='lat'>123,</span> <span class='ocrx_word' id='word_1_249' title='bbox 714 3168 850 3250; x_wconf 84' lang='lat' dir='ltr'><strong>perfecit</strong></span> <span class='ocrx_word' id='word_1_250' title='bbox 875 3174 910 3235; x_wconf 92' lang='lat' dir='ltr'><strong>ut</strong></span> <span class='ocrx_word' id='word_1_251' title='bbox 897 3171 1147 3234; x_wconf 82' lang='lat' dir='ltr'><strong>tdamnaretur.</strong></span> <span class='ocrx_word' id='word_1_252' title='bbox 1184 3192 1336 3252; x_wconf 88' lang='lat' dir='ltr'><strong>quaeres</strong></span> <span class='ocrx_word' id='word_1_253' title='bbox 1356 3197 1426 3239; x_wconf 82' lang='lat' dir='ltr'><strong>curn</strong></span> 
     </span>
     <span class='ocr_line' id='line_1_30' title="bbox 262 3264 1426 3352; baseline 0.008 -24"><span class='ocrx_word' id='word_1_254' title='bbox 262 3269 330 3328; x_wconf 86' lang='lat' dir='ltr'><strong>tam</strong></span> <span class='ocrx_word' id='word_1_255' title='bbox 354 3287 505 3348; x_wconf 88' lang='lat' dir='ltr'><strong>prospere</strong></span> <span class='ocrx_word' id='word_1_256' title='bbox 529 3264 687 3348; x_wconf 80' lang='lat' dir='ltr'><strong>cessisset,</strong></span> <span class='ocrx_word' id='word_1_257' title='bbox 711 3268 747 3328; x_wconf 93' lang='lat' dir='ltr'><strong>ut</strong></span> <span class='ocrx_word' id='word_1_258' title='bbox 771 3267 832 3330; x_wconf 90' lang='lat' dir='ltr'><strong>sibi</strong></span> <span class='ocrx_word' id='word_1_259' title='bbox 857 3268 996 3352; x_wconf 86' lang='lat' dir='ltr'><strong>gratiam</strong></span> <span class='ocrx_word' id='word_1_260' title='bbox 1020 3267 1132 3350; x_wconf 90' lang='lat' dir='ltr'><strong>populi</strong></span> <span class='ocrx_word' id='word_1_261' title='bbox 1155 3268 1340 3334; x_wconf 86' lang='lat' dir='ltr'><strong>conciliaret</strong></span> <span class='ocrx_word' id='word_1_262' title='bbox 1364 3273 1426 3336; x_wconf 87' lang='lat' dir='ltr'><strong>adi-</strong></span> 
     </span>
     <span class='ocr_line' id='line_1_31' title="bbox 263 3363 1428 3448; baseline 0.007 -22"><span class='ocrx_word' id='word_1_263' title='bbox 263 3366 397 3445; x_wconf 85' lang='lat' dir='ltr'><strong>tumque</strong></span> <span class='ocrx_word' id='word_1_264' title='bbox 421 3363 459 3426; x_wconf 89' lang='lat' dir='ltr'><strong>ad</strong></span> <span class='ocrx_word' id='word_1_265' title='bbox 483 3363 622 3427; x_wconf 90' lang='lat' dir='ltr'><strong>honores</strong></span> <span class='ocrx_word' id='word_1_266' title='bbox 646 3363 851 3448; x_wconf 87' lang='lat' dir='ltr'><strong>patefaceret,</strong></span> <span class='ocrx_word' id='word_1_267' title='bbox 874 3363 908 3430; x_wconf 88' lang='lat' dir='ltr'><strong>L.</strong></span> <span class='ocrx_word' id='word_1_268' title='bbox 933 3363 1157 3448; x_wconf 80' lang='lat' dir='ltr'><strong>Sempronium</strong></span> <span class='ocrx_word' id='word_1_269' title='bbox 1178 3365 1366 3433; x_wconf 85' lang='lat' dir='ltr'><strong>Atratinum</strong></span> <span class='ocrx_word' id='word_1_270' title='bbox 1390 3371 1428 3434; x_wconf 90' lang='lat' dir='ltr'><strong>de</strong></span> 
     </span>
     <span class='ocr_line' id='line_1_32' title="bbox 263 3459 1430 3552; baseline 0.006 -28"><span class='ocrx_word' id='word_1_271' title='bbox 263 3459 387 3524; x_wconf 89' lang='lat' dir='ltr'><strong>ambitu</strong></span> <span class='ocrx_word' id='word_1_272' title='bbox 411 3460 631 3544; x_wconf 86' lang='lat' dir='ltr'><strong>compellavit,</strong></span> <span class='ocrx_word' id='word_1_273' title='bbox 655 3461 841 3525; x_wconf 88' lang='lat' dir='ltr'><strong>absolutum</strong></span> <span class='ocrx_word' id='word_1_274' title='bbox 869 3463 987 3526; x_wconf 90' lang='lat' dir='ltr'><strong>iterum</strong></span> <span class='ocrx_word' id='word_1_275' title='bbox 1012 3461 1129 3546; x_wconf 63' lang='grc'>698156</span> <span class='ocrx_word' id='word_1_276' title='bbox 1157 3465 1192 3527; x_wconf 92' lang='lat' dir='ltr'><strong>in</strong></span> <span class='ocrx_word' id='word_1_277' title='bbox 1220 3465 1269 3529; x_wconf 92' lang='lat' dir='ltr'><strong>ius</strong></span> <span class='ocrx_word' id='word_1_278' title='bbox 1295 3467 1430 3552; x_wconf 85' lang='lat' dir='ltr'><strong>vocavit,</strong></span> 
     </span>
     <span class='ocr_line' id='line_1_33' title="bbox 264 3556 1429 3643; baseline 0.007 -21"><span class='ocrx_word' id='word_1_279' title='bbox 264 3558 319 3623; x_wconf 86' lang='lat' dir='ltr'><strong>sed</strong></span> <span class='ocrx_word' id='word_1_280' title='bbox 347 3558 500 3622; x_wconf 89' lang='lat' dir='ltr'><strong>continuo</strong></span> <span class='ocrx_word' id='word_1_281' title='bbox 527 3556 597 3639; x_wconf 90' lang='lat' dir='ltr'><strong>ipse</strong></span> <span class='ocrx_word' id='word_1_282' title='bbox 626 3580 644 3620; x_wconf 91' lang='lat' dir='ltr'><strong>a</strong></span> <span class='ocrx_word' id='word_1_283' title='bbox 671 3557 706 3624; x_wconf 88' lang='lat' dir='ltr'><strong>L.</strong></span> <span class='ocrx_word' id='word_1_284' title='bbox 730 3556 921 3643; x_wconf 78' lang='lat' dir='ltr'><strong>Sempronio</strong></span> <span class='ocrx_word' id='word_1_285' title='bbox 948 3561 1099 3627; x_wconf 84' lang='lat' dir='ltr'><strong>Atratino</strong></span> <span class='ocrx_word' id='word_1_286' title='bbox 1128 3561 1194 3626; x_wconf 88' lang='lat' dir='ltr'><strong>filio</strong></span> <span class='ocrx_word' id='word_1_287' title='bbox 1223 3585 1295 3627; x_wconf 88' lang='lat' dir='ltr'><strong>reus</strong></span> <span class='ocrx_word' id='word_1_288' title='bbox 1325 3563 1429 3630; x_wconf 90' lang='lat' dir='ltr'><strong>factus</strong></span> 
     </span>
     <span class='ocr_line' id='line_1_34' title="bbox 263 3654 1429 3748; baseline 0.008 -29"><span class='ocrx_word' id='word_1_289' title='bbox 263 3659 321 3720; x_wconf 85' lang='lat' dir='ltr'><strong>est.</strong></span> <span class='ocrx_word' id='word_1_290' title='bbox 367 3656 418 3719; x_wconf 89' lang='lat' dir='ltr'><strong>cui</strong></span> <span class='ocrx_word' id='word_1_291' title='bbox 447 3655 485 3718; x_wconf 89' lang='lat' dir='ltr'><strong>ad</strong></span> <span class='ocrx_word' id='word_1_292' title='bbox 515 3655 727 3720; x_wconf 88' lang='lat' dir='ltr'><strong>accusandum</strong></span> <span class='ocrx_word' id='word_1_293' title='bbox 752 3654 897 3724; x_wconf 90' lang='lat' dir='ltr'><strong>Caelium</strong></span> <span class='ocrx_word' id='word_1_294' title='bbox 921 3659 1060 3723; x_wconf 86' lang='lat' dir='ltr'><strong>maxime</strong></span> <span class='ocrx_word' id='word_1_295' title='bbox 1089 3663 1201 3724; x_wconf 88' lang='lat' dir='ltr'><strong>auctor</strong></span> <span class='ocrx_word' id='word_1_296' title='bbox 1223 3662 1286 3725; x_wconf 89' lang='lat' dir='ltr'><strong>fuit</strong></span> <span class='ocrx_word' id='word_1_297' title='bbox 1309 3661 1429 3748; x_wconf 85' lang='lat' dir='ltr'><strong>Clodia,</strong></span> 
     </span>
     <span class='ocr_line' id='line_1_35' title="bbox 263 3752 1429 3840; baseline 0.008 -24"><span class='ocrx_word' id='word_1_298' title='bbox 263 3753 390 3818; x_wconf 84' lang='lat' dir='ltr'><strong>famosa</strong></span> <span class='ocrx_word' id='word_1_299' title='bbox 413 3754 471 3817; x_wconf 89' lang='lat' dir='ltr'><strong>illa</strong></span> <span class='ocrx_word' id='word_1_300' title='bbox 494 3753 529 3818; x_wconf 92' lang='lat' dir='ltr'><strong>P.</strong></span> <span class='ocrx_word' id='word_1_301' title='bbox 553 3752 657 3818; x_wconf 90' lang='lat' dir='ltr'><strong>Clodii</strong></span> <span class='ocrx_word' id='word_1_302' title='bbox 682 3776 783 3840; x_wconf 84' lang='lat' dir='ltr'><strong>soror,</strong></span> <span class='ocrx_word' id='word_1_303' title='bbox 806 3756 843 3832; x_wconf 76' lang='lat' dir='ltr'><strong>Q.</strong></span> <span class='ocrx_word' id='word_1_304' title='bbox 866 3756 989 3822; x_wconf 89' lang='lat' dir='ltr'><strong>Metelli</strong></span> <span class='ocrx_word' id='word_1_305' title='bbox 1013 3753 1133 3820; x_wconf 87' lang='lat' dir='ltr'><strong>Celeris</strong></span> <span class='ocrx_word' id='word_1_306' title='bbox 1157 3758 1318 3840; x_wconf 90' lang='lat' dir='ltr'><strong>quondam</strong></span> <span class='ocrx_word' id='word_1_307' title='bbox 1342 3783 1429 3826; x_wconf 88' lang='lat' dir='ltr'><strong>uxor.</strong></span> 
     </span>
    </p>
   </div>
   <div class='ocr_carea' id='block_1_3' title="bbox 259 3973 1431 4524">
    <p class='ocr_par' dir='ltr' id='par_1_6' title="bbox 261 3973 1429 4364">
     <span class='ocr_line' id='line_1_36' title="bbox 338 3973 1429 4043; baseline 0.005 -17"><span class='ocrx_word' id='word_1_308' title='bbox 338 3976 362 4043; x_wconf 85' lang='lat'><strong>1)</strong></span> <span class='ocrx_word' id='word_1_309' title='bbox 382 3974 462 4030; x_wconf 82' lang='lat' dir='ltr'><strong>‘Ueb</strong></span> <span class='ocrx_word' id='word_1_310' title='bbox 474 3974 499 4028; x_wconf 92' lang='lat' dir='ltr'><strong>d.</strong></span> <span class='ocrx_word' id='word_1_311' title='bbox 512 3973 763 4043; x_wconf 78' lang='lat' dir='ltr'><strong>Sprachgabrauch</strong></span> <span class='ocrx_word' id='word_1_312' title='bbox 778 3975 804 4029; x_wconf 88' lang='lat' dir='ltr'><strong>d.</strong></span> <span class='ocrx_word' id='word_1_313' title='bbox 818 3974 1107 4030; x_wconf 85' lang='lat' dir='ltr'><strong>nichtciceronischen</strong></span> <span class='ocrx_word' id='word_1_314' title='bbox 1122 3974 1215 4030; x_wconf 87' lang='lat' dir='ltr'><strong>Bricfe</strong></span> <span class='ocrx_word' id='word_1_315' title='bbox 1230 3976 1260 4031; x_wconf 92' lang='lat' dir='ltr'><strong>in</strong></span> <span class='ocrx_word' id='word_1_316' title='bbox 1270 3977 1295 4031; x_wconf 90' lang='lat' dir='ltr'><strong>d.</strong></span> <span class='ocrx_word' id='word_1_317' title='bbox 1311 3976 1429 4031; x_wconf 88' lang='lat' dir='ltr'><strong>ciceron.</strong></span> 
     </span>
     <span class='ocr_line' id='line_1_37' title="bbox 262 4053 1429 4124; baseline 0.003 -18"><span class='ocrx_word' id='word_1_318' title='bbox 262 4053 561 4122; x_wconf 84' lang='lat' dir='ltr'><strong>Briefsammlungon’,</strong></span> <span class='ocrx_word' id='word_1_319' title='bbox 582 4054 675 4107; x_wconf 88' lang='lat' dir='ltr'><strong>annal.</strong></span> <span class='ocrx_word' id='word_1_320' title='bbox 695 4071 820 4122; x_wconf 86' lang='lat' dir='ltr'><strong>gymnas.</strong></span> <span class='ocrx_word' id='word_1_321' title='bbox 840 4055 931 4109; x_wconf 86' lang='lat' dir='ltr'><strong>Berol.</strong></span> <span class='ocrx_word' id='word_1_322' title='bbox 946 4055 1000 4109; x_wconf 89' lang='lat' dir='ltr'><strong>vol.</strong></span> <span class='ocrx_word' id='word_1_323' title='bbox 1015 4055 1127 4124; x_wconf 87' lang='lat' dir='ltr'>XXXV,</span> <span class='ocrx_word' id='word_1_324' title='bbox 1145 4074 1172 4124; x_wconf 89' lang='lat' dir='ltr'><strong>p.</strong></span> <span class='ocrx_word' id='word_1_325' title='bbox 1188 4061 1323 4121; x_wconf 74' lang='lat'>87-1413</span> <span class='ocrx_word' id='word_1_326' title='bbox 1345 4056 1429 4110; x_wconf 79' lang='lat' dir='ltr'><strong>‘Ucb</strong></span> 
     </span>
     <span class='ocr_line' id='line_1_38' title="bbox 261 4131 1429 4204; baseline 0.005 -19"><span class='ocrx_word' id='word_1_327' title='bbox 261 4132 286 4186; x_wconf 91' lang='lat' dir='ltr'><strong>d.</strong></span> <span class='ocrx_word' id='word_1_328' title='bbox 309 4131 424 4185; x_wconf 90' lang='lat' dir='ltr'><strong>Latinit.</strong></span> <span class='ocrx_word' id='word_1_329' title='bbox 445 4132 470 4186; x_wconf 90' lang='lat' dir='ltr'><strong>d.</strong></span> <span class='ocrx_word' id='word_1_330' title='bbox 492 4132 519 4186; x_wconf 86' lang='lat' dir='ltr'><strong>P.</strong></span> <span class='ocrx_word' id='word_1_331' title='bbox 543 4131 698 4201; x_wconf 89' lang='lat' dir='ltr'><strong>Vatinius’‚</strong></span> <span class='ocrx_word' id='word_1_332' title='bbox 722 4151 815 4202; x_wconf 86' lang='lat' dir='ltr'><strong>progr.</strong></span> <span class='ocrx_word' id='word_1_333' title='bbox 835 4134 992 4189; x_wconf 88' lang='lat' dir='ltr'><strong>Mannhem.</strong></span> <span class='ocrx_word' id='word_1_334' title='bbox 1014 4151 1039 4189; x_wconf 91' lang='lat' dir='ltr'><strong>a.</strong></span> <span class='ocrx_word' id='word_1_335' title='bbox 1061 4141 1140 4203; x_wconf 87' lang='grc'>1881,</span> <span class='ocrx_word' id='word_1_336' title='bbox 1159 4153 1186 4204; x_wconf 90' lang='lat' dir='ltr'><strong>p.</strong></span> <span class='ocrx_word' id='word_1_337' title='bbox 1207 4140 1324 4200; x_wconf 76' lang='lat'>27—485</span> <span class='ocrx_word' id='word_1_338' title='bbox 1345 4135 1429 4192; x_wconf 83' lang='lat' dir='ltr'><strong>‘Ueb</strong></span> 
     </span>
     <span class='ocr_line' id='line_1_39' title="bbox 261 4210 1429 4280; baseline 0.005 -15"><span class='ocrx_word' id='word_1_339' title='bbox 261 4212 286 4266; x_wconf 88' lang='lat' dir='ltr'><strong>d.</strong></span> <span class='ocrx_word' id='word_1_340' title='bbox 312 4211 496 4280; x_wconf 85' lang='lat' dir='ltr'><strong>Sprachgebr.</strong></span> <span class='ocrx_word' id='word_1_341' title='bbox 521 4212 547 4267; x_wconf 89' lang='lat' dir='ltr'><strong>d.</strong></span> <span class='ocrx_word' id='word_1_342' title='bbox 571 4210 683 4266; x_wconf 85' lang='lat' dir='ltr'><strong>Asinius</strong></span> <span class='ocrx_word' id='word_1_343' title='bbox 712 4213 819 4267; x_wconf 90' lang='lat' dir='ltr'><strong>Pollio’</strong></span> <span class='ocrx_word' id='word_1_344' title='bbox 849 4214 879 4267; x_wconf 91' lang='lat' dir='ltr'><strong>in</strong></span> <span class='ocrx_word' id='word_1_345' title='bbox 909 4213 1062 4270; x_wconf 73' lang='lat' dir='ltr'><strong>‘Festschr</strong></span> <span class='ocrx_word' id='word_1_346' title='bbox 1083 4235 1109 4272; x_wconf 78' lang='lat' dir='ltr'><strong>a.</strong></span> <span class='ocrx_word' id='word_1_347' title='bbox 1129 4213 1245 4267; x_wconf 90' lang='lat' dir='ltr'>XXXVI</span> <span class='ocrx_word' id='word_1_348' title='bbox 1264 4212 1429 4272; x_wconf 83' lang='lat' dir='ltr'><strong>Vorsamml.</strong></span> 
     </span>
     <span class='ocr_line' id='line_1_40' title="bbox 261 4289 1217 4364; baseline 0.006 -22"><span class='ocrx_word' id='word_1_349' title='bbox 261 4290 386 4344; x_wconf 76' lang='lat' dir='ltr'><strong>(leutsch.</strong></span> <span class='ocrx_word' id='word_1_350' title='bbox 401 4289 502 4347; x_wconf 88' lang='lat' dir='ltr'><strong>Philol.</strong></span> <span class='ocrx_word' id='word_1_351' title='bbox 518 4310 540 4344; x_wconf 85' lang='lat' dir='ltr'><strong>z.</strong></span> <span class='ocrx_word' id='word_1_352' title='bbox 556 4290 734 4360; x_wconf 86' lang='lat' dir='ltr'><strong>Karlsrube’‚</strong></span> <span class='ocrx_word' id='word_1_353' title='bbox 753 4291 933 4348; x_wconf 87' lang='lat' dir='ltr'><strong>Carolirubae</strong></span> <span class='ocrx_word' id='word_1_354' title='bbox 948 4299 1025 4362; x_wconf 82' lang='lat'>1882,</span> <span class='ocrx_word' id='word_1_355' title='bbox 1044 4315 1071 4364; x_wconf 91' lang='lat' dir='ltr'><strong>p.</strong></span> <span class='ocrx_word' id='word_1_356' title='bbox 1088 4299 1217 4351; x_wconf 81' lang='grc'>76-101.</span> 
     </span>
    </p>

    <p class='ocr_par' dir='ltr' id='par_1_7' title="bbox 259 4370 1431 4524">
     <span class='ocr_line' id='line_1_41' title="bbox 333 4370 1431 4446; baseline 0.006 -22"><span class='ocrx_word' id='word_1_357' title='bbox 333 4374 360 4439; x_wconf 81' lang='lat'><strong>2)</strong></span> <span class='ocrx_word' id='word_1_358' title='bbox 378 4372 504 4425; x_wconf 84' lang='lat' dir='ltr'><strong>veterum</strong></span> <span class='ocrx_word' id='word_1_359' title='bbox 523 4370 687 4426; x_wconf 87' lang='lat' dir='ltr'><strong>testimonia</strong></span> <span class='ocrx_word' id='word_1_360' title='bbox 706 4372 822 4442; x_wconf 87' lang='lat' dir='ltr'><strong>collegit</strong></span> <span class='ocrx_word' id='word_1_361' title='bbox 840 4375 873 4428; x_wconf 95' lang='lat' dir='ltr'><strong>H.</strong></span> <span class='ocrx_word' id='word_1_362' title='bbox 889 4375 1017 4443; x_wconf 81' lang='lat' dir='ltr'><strong>Meysrus</strong></span> <span class='ocrx_word' id='word_1_363' title='bbox 1038 4376 1157 4430; x_wconf 75' lang='lat' dir='ltr'><strong>‘oraton</strong></span> <span class='ocrx_word' id='word_1_364' title='bbox 1176 4373 1293 4426; x_wconf 86' lang='lat' dir='ltr'><strong>Roman.</strong></span> <span class='ocrx_word' id='word_1_365' title='bbox 1309 4374 1431 4446; x_wconf 82' lang='lat' dir='ltr'><strong>fragm&#39;,</strong></span> 
     </span>
     <span class='ocr_line' id='line_1_42' title="bbox 259 4450 551 4524; baseline 0.007 -19"><span class='ocrx_word' id='word_1_366' title='bbox 259 4472 287 4524; x_wconf 89' lang='lat' dir='ltr'><strong>p.</strong></span> <span class='ocrx_word' id='word_1_367' title='bbox 302 4457 353 4506; x_wconf 81' lang='lat'><strong>458</strong></span> <span class='ocrx_word' id='word_1_368' title='bbox 369 4469 404 4508; x_wconf 85' lang='lat' dir='ltr'><strong>ss.</strong></span> <span class='ocrx_word' id='word_1_369' title='bbox 420 4450 487 4507; x_wconf 86' lang='lat' dir='ltr'><strong>edit.</strong></span> <span class='ocrx_word' id='word_1_370' title='bbox 502 4452 551 4508; x_wconf 88' lang='lat' dir='ltr'><strong>alt.</strong></span> 
     </span>
    </p>
   </div>
   <div class='ocr_carea' id='block_1_4' title="bbox 0 0 1613 5024">
    <p class='ocr_par' dir='ltr' id='par_1_8' title="bbox 0 0 1613 5024">
     <span class='ocr_line' id='line_1_43' title="bbox 0 0 1613 5024; baseline 0 0"><span class='ocrx_word' id='word_1_371' title='bbox 0 0 1613 5024; x_wconf 95' lang='lat' dir='ltr'><strong> </strong></span> 
     </span>
    </p>
   </div>
  </div>
 </body>
</html>
