3192 5024
716 1203 823 1288 Caput
845 1204 869 1268 l.

555 1354 601 1421 lle
629 1353 746 1422 tornis
774 1351 1025 1421 vccabulum.

295 1495 426 1560 Initium
462 1498 577 1559 faciam
612 1521 631 1559 a
660 1499 841 1581 corruptela
869 1496 1018 1574 Medicei‚
1047 1498 1109 1560 sub
1136 1519 1200 1580 qua
1223 1498 1376 1580 antiquae

206 1594 330 1657 formae
353 1595 526 1677 vestigium
550 1595 651 1657 latere
670 1595 805 1676 videtur,
828 1593 907 1656 VIII
927 1595 948 1657 5
971 1599 1050 1657 extr.
1073 1617 1172 1672 neque
1188 1600 1292 1657 adhue
1311 1598 1376 1672 sre-

206 1700 345 1768 quentem
367 1699 510 1755 senatis
528 1694 654 1769 efficere
668 1699 784 1771 potuim
807 1713 865 1773 pro
883 1713 948 1773 quo
967 1692 1053 1775 quod
1071 1693 1218 1774 reposuit
1235 1690 1377 1754 Orellins

206 1798 343 1850 senatum
386 1797 411 1851 is
447 1791 527 1866 effic.
555 1800 617 1868 pot.
649 1792 847 1872 quantopere
892 1789 1061 1871 langueret
1097 1793 1182 1852 reete
1217 1788 1378 1851 intellexit

207 1883 402 1969 Bernaysius
431 1885 500 1972 (clr.
527 1886 723 1949 Ritschelius
750 1907 831 1948 mus.
855 1884 944 1948 rhen
968 1886 1030 1949 vol.
1048 1884 1130 1949 VIII
1153 1909 1184 1969 p.
1202 1887 1269 1949 494
1291 1909 1316 1950 s.
1334 1915 1377 1937 =

207 2004 313 2064 opusc.
338 1981 399 2048 vol.
420 1982 467 2046 IV
487 2007 518 2066 p.
537 1981 623 2067 172),
646 1983 701 2065 qui
725 1981 844 2044 collato
867 1982 1129 2047 loe0⁸simillin10
1148 1982 1229 2046 VIII
1247 1984 1278 2064 9,
1296 1985 1317 2046 2
1340 2006 1379 2046 ne

201 2084 408 2160 frequentiam
432 2089 553 2160 quidem
576 2083 702 2158 efficere
721 2091 889 2159 potuerant
911 2083 1056 2162 speciose
1079 2081 1284 2144 scribendum
1307 2102 1378 2143 esse

205 2177 375 2263 coniecit¹)
400 2201 497 2256 neque
515 2185 619 2242 adhue
638 2181 891 2256 frequentiam
913 2187 1038 2241 senati
1059 2182 1186 2257 efficere
1204 2186 1304 2257 potuit
1322 2182 1379 2240 aut

302 2283 479 2338 senatuis.
517 2275 581 2338 iarn
610 2274 711 2337 habes
739 2273 880 2357 genetivi
902 2275 1026 2340 formas
1054 2275 1255 2358 antiquiores
1276 2282 1379 2338 senati

209 2375 266 2434 aut
284 2379 419 2435 senatuis
424 2397 436 2445 ;
458 2393 593 2454 quarum
612 2371 670 2433 illa
688 2371 817 2453 quidem
838 2376 952 2454 utpote
970 2395 1029 2455 per
1047 2376 1173 2436 sertum
1191 2373 1379 2454 septimum·

208 2490 267 2551 quo
291 2469 332 2532 ab
356 2491 386 2531 u.
405 2491 431 2532 c.
450 2468 611 2530 saeculum
635 2465 897 2548 frequentissima
919 2472 953 2531 et
971 2491 1012 2532 ne
1035 2491 1055 2532 a
1073 2467 1227 2533 Cicerone
1250 2467 1379 2552 quidem

208 2565 314 2629 aliena
341 2562 411 2650 (cfr.
441 2563 639 2628 Ritschelius
668 2585 777 2644 opusc.
804 2563 851 2626 IV
873 2589 904 2649 p.
933 2567 995 2629 169
1015 2589 1040 2631 s.
1067 2575 1099 2630 et
1126 2565 1249 2630 Neuius
1277 2567 1340 2629 vol
1363 2566 1378 2628 I

208 2686 240 2746 p.
259 2664 325 2728 352
351 2663 423 2726 edit.
444 2658 514 2747 alt.)
543 2660 746 2723 nullomodo
769 2665 877 2744 potest
899 2663 1040 2727 dubitari
1065 2664 1143 2748 quin
1161 2667 1248 2728 reete
1267 2661 1378 2728 Caelio

208 2760 418 2842 attribuatur3
446 2757 698 2823 incertissimum
726 2780 803 2821 vero
831 2760 984 2824 iudicium
1013 2765 1063 2825 est
1085 2761 1125 2824 de
1153 2760 1257 2824 altera
1280 2782 1377 2844 quam

207 2854 402 2940 Bernaysius
426 2855 609 2941 proposuit,
637 2856 785 2938 quamvis
808 2859 941 2940 propius
964 2858 1004 2921 ad
1028 2859 1201 2922 lectionem
1222 2858 1379 2922 traditam

206 2955 345 3019 accedat.
382 2977 458 3019 nam
478 2955 644 3038 aliquanto
667 2952 773 3016 rarior
791 2959 895 3038 estet,
917 2957 945 3019 si
960 2977 980 3018 a
994 2956 1224 3020 vetustissimis
1243 2957 1378 3038 scripto·

204 3052 294 3116 ribus
318 3053 510 3135 recedimus,
533 3052 574 3115 ab
598 3050 644 3114 eis
669 3050 774 3114 solum
802 3057 972 3136 usurpata,
996 3054 1051 3137 qui
1075 3053 1184 3116 dedita
1212 3075 1311 3138 opera
1338 3053 1378 3116 ad

206 3151 372 3233 antiquum
398 3171 501 3235 genus
530 3148 655 3212 dicendi
684 3171 718 3211 se
742 3142 996 3234 adplicabant7),
1021 3151 1167 3214 Varrone
1190 3153 1223 3214 et
1247 3148 1379 3233 Nigidio

207 3248 338 3333 Figu103
363 3248 419 3312 cfr.
443 3246 641 3311 Ritschelius
665 3246 686 3308 l.
705 3247 777 3310 let
799 3244 923 3308 Neuius
945 3247 966 3310 l.
986 3248 1006 3310 l.

296 3343 428 3408 Summo
460 3344 529 3406 iure
562 3342 815 3428 Wesenbergius
847 3342 901 3426 (of.
924 3343 1049 3408 emend.
1072 3367 1102 3428 p.
1134 3341 1213 3430 109)
1245 3343 1379 3408 Melicoi

208 3443 398 3524 scripturam
423 3440 503 3504 VIII
524 3443 611 3521 10‚1
643 3445 863 3518 Commaqinem
891 3463 956 3505 non
983 3442 1016 3505 in
1044 3447 1297 3524 Conrmoffeoem,
1324 3441 1378 3506 sed

208 3538 242 3600 in
266 3543 495 3616 Commapenen
510 3539 660 3620 mutavit3
680 3560 754 3601 nam
769 3561 790 3601 a
802 3538 909 3621 prima
927 3538 1144 3603 declinatione
1162 3537 1377 3602 mutaticum

207 3636 322 3699 tertiae
345 3636 485 3698 alienum
514 3657 584 3699 esse
608 3635 779 3699 notissima
801 3657 853 3699 res
876 3639 939 3718 est;
966 3635 1024 3700 cfr.
1047 3635 1169 3700 Neuius
1193 3635 1206 3700 I
1232 3659 1262 3720 p.
1280 3635 1323 3700 58
1347 3639 1381 3698 et

209 3731 400 3796 Kuehnerus
424 3753 559 3816 gramm.
581 3733 638 3796 lat
657 3733 719 3796 vol.
739 3732 754 3794 Ι
777 3756 807 3817 p.
826 3733 891 3796 272
910 3734 983 3797 adn.

295 3828 463 3894 Immerito
496 3833 689 3914 spreverunt
720 3830 862 3894 editores
895 3831 1074 3894 breviorem
1106 3831 1207 3895 dativi
1243 3833 1378 3896 torulum

280 4024 307 4091 1)
325 4021 356 4074 in
375 4020 450 4074 idem
470 4022 570 4076 incidit
588 4023 622 4075 Η.
641 4021 778 4076 Buschius
798 4022 898 4078 Philol
918 4023 973 4077 vol
992 4021 1079 4076 xxv!
1100 4039 1126 4090 p,
1146 4027 1212 4090 att,
1232 4019 1284 4076 ruisi
1304 4021 1377 4090 quim

205 4104 387 4171 frequentiam
407 4108 545 4156 senatos
564 4101 649 4154 scribi
667 4102 737 4156 vult.

277 4184 305 4248 2)
324 4199 390 4234 nam
405 4181 481 4248 quod
498 4180 530 4233 in
544 4181 708 4236 Buecheleri
723 4181 822 4235 libello
843 4179 1004 4236 'Grnndrisn
1025 4180 1051 4236 d,
1067 4179 1117 4236 ut,
1134 4177 1282 4236 lecelinae)
1305 4195 1329 4248 p
1346 4183 1374 4232 ct

207 4259 274 4314 edit.
298 4279 316 4313 a
338 4260 535 4314 Windekildio
559 4265 645 4314 curat.
670 4279 704 4315 ex
727 4261 860 4316 Cicerone
888 4277 939 4328 pro
963 4259 1043 4314 Itone,
1068 4261 1158 4314 Artior,
1182 4261 1231 4312 uc
1255 4257 1380 4312 rutl‘oltue

207 4343 311 4407 metuis,
331 4357 427 4394 omnes
446 4357 520 4395 nunc
539 4339 662 4395 editores
681 4341 709 4395 in
728 4349 814 4397 nieme
831 4341 1024 4404 mutaveroot4
1048 4341 1097 4395 ets
1118 4335 1306 4392 lletlumtlalus
1326 4341 1378 4392 rut.

208 4435 275 4470 sem,
294 4419 394 4486 philol.
413 4420 527 4489 Erlung.
547 4420 604 4475 vol.
623 4421 635 4474 I
654 4441 679 4491 p.
702 4429 752 4476 109
771 4423 801 4475 ct
819 4419 1004 4488 Ianclgraliun
1023 4419 1058 4472 ad
1079 4419 1133 4472 tic,
1154 4433 1203 4488 perer
1225 4413 1301 4470 ltsuc
1324 4415 1339 4474 l,
1362 4413 1367 4470 Ι
