3192 5024
736 341 952 404 ...58-

254 525 366 583 parom
381 502 560 586 particulae
575 500 707 566 notione
723 501 954 584 imperatorum
969 498 1097 562 demum
1113 504 1219 564 aetate
1235 501 1282 564 ita
1298 501 1430 581 mutata,

257 603 293 664 ut
320 600 404 664 idem
428 601 624 684 significaret
647 603 743 683 etque
767 621 826 663 000
850 606 981 677 multum,
1006 598 1062 662 cfr.
1085 598 1267 683 Madvigius
1293 598 1332 661 ad
1362 595 1427 660 Cic.

257 698 296 761 (16
320 699 372 763 fin.
392 699 422 764 V
442 697 494 762 91.

342 818 492 876 perquam
510 795 591 859 VIII
609 796 640 877 4,
659 796 680 858 2
699 801 819 858 videtur
842 801 917 858 miii
940 802 1017 860 iilud
1035 817 1185 875 perquam
1204 807 1327 861 venuste
1350 803 1428 860 6661-

258 901 337 958 disse
361 892 459 977 ‘ganz
489 889 684 957 allerliebst’
713 913 909 976 quamquam
938 893 978 955 ab
1008 892 1206 976 optimorum
1236 895 1428 976 scriptorum

257 1012 316 1055 usu
340 1012 405 1054 non
431 991 570 1054 alienum
595 991 653 1070 est,
678 987 876 1070 frequentius
901 990 1061 1053 tamenin
1082 1011 1229 1054 sermone
1249 991 1427 1055 cottidiano

256 1088 435 1171 iuvenitur3
458 1087 515 1151 cfr.
535 1085 741 1150 Woelfflinus
762 1084 847 1148 ‘Lat
868 1109 898 1149 u.
917 1107 996 1150 rom.
1016 1085 1211 1168 Comparat’
1231 1111 1261 1170 p.
1281 1089 1321 1152 27
1343 1091 1376 1152 61
1395 1089 1428 1152 iu

257 1185 365 1250 archia
389 1185 605 1270 lexicograph.
625 1183 641 1246 I
660 1205 690 1266 p.
710 1183 766 1266 99,
797 1181 995 1247 Schmalzius
1020 1185 1125 1248 annal.
1150 1205 1298 1268 gymnas
1323 1183 1427 1249 Berol.

343 1402 440 1460 porro
464 1379 580 1443 mirum
611 1381 766 1460 quantum
795 1378 827 1440 in
858 1377 980 1442 deliciis
1008 1379 1106 1443 habet
1130 1377 1272 1464 Caclius3
1301 1381 1427 1444 deciens

256 1477 339 1540 enim
367 1483 503 1561 usurpat
535 1478 567 1540 in
605 1478 642 1540 17
673 1475 834 1558 epistulis
869 1498 940 1539 cum
965 1474 1092 1560 Cicero,
1122 1478 1211 1542 cuius
1245 1478 1277 1541 in
1306 1478 1366 1542 hac
1394 1500 1429 1541 re

257 1596 350 1637 usum
378 1597 450 1639 cum
480 1574 632 1639 Caeliano
661 1595 726 1638 non
755 1572 867 1636 inutile
898 1574 1023 1638 videtur
1051 1575 1209 1654 conferre,
1241 1575 1275 1639 in
1300 1597 1371 1659 epp.
1390 1575 1430 1640 ad

257 1672 332 1735 fam.
351 1672 380 1756 Ι,
398 1672 443 1757 ΙΙ,
461 1673 510 1737 ΠΙ
534 1694 707 1756 nusquam,
736 1670 775 1734 ad
801 1668 869 1733 Att.
888 1669 918 1752 Ι,
941 1671 988 1755 ΙΙ,
1011 1670 1061 1734 ΠΙ
1084 1676 1133 1736 ter
1157 1669 1188 1758 (I
1206 1673 1240 1755 5,
1264 1673 1298 1758 3,
1324 1674 1374 1755 12,
1397 1675 1432 1758 2,

256 1768 289 1832 Π
311 1771 359 1854 12,
378 1767 423 1857 2),
447 1775 542 1854 atque
566 1771 643 1833 item
667 1773 717 1832 ter
740 1769 900 1852 aequales,
927 1769 982 1852 qui
1007 1769 1046 1833 ad
1068 1768 1254 1835 Ciceronem
1275 1771 1430 1854 epistulas

258 1868 427 1954 miserunt,
445 1866 585 1933 Caecina
600 1867 640 1932 ad
654 1867 728 1931 fam.
749 1865 797 1929 VI
817 1867 848 1950 7,
867 1868 897 1950 4,
918 1867 1049 1931 Asinius
1068 1867 1173 1931 Pollio
1193 1868 1268 1931 ibid.
1287 1867 1316 1930 X
1332 1867 1384 1950 33,
1400 1868 1431 1950 3,

256 1964 412 2031 Lentulus
431 1966 494 2029 XII
515 1967 566 2048 14,
585 1965 614 2048 5,
638 1963 796 2028 vocabulo
826 1963 876 2025 usi
900 1964 974 2026 sint.
1026 1964 1157 2046 ponitur
1186 1968 1294 2028 autem
1318 1965 1431 2029 eodem

257 2062 352 2126 modo
372 2085 435 2146 quo
451 2085 469 2126 a
485 2062 637 2126 Cicerone
656 2065 711 2124 aut
730 2060 780 2123 ‘in
795 2060 890 2123 rebus
907 2060 1131 2123 enumerandis
1147 2063 1180 2124 61
1199 2061 1309 2125 ordine
1324 2062 1430 2145 dispo-

256 2159 368 2223 nendis
384 2160 433 2224 vel
449 2157 633 2224 narrandis’
650 2154 812 2243 (Handius
828 2155 920 2220 Tuus,
930 2154 974 2219 IV
988 2154 1069 2241 482)
1080 2155 1160 2221 VIII
1170 2158 1204 2240 4,
1215 2158 1248 2241 3,
1264 2158 1339 2244 5,1,
1355 2161 1385 2244 6,
1396 2162 1430 2245 2,

260 2258 309 2338 10,
325 2258 358 2340 3,
386 2261 435 2341 11,
450 2259 484 2340 3,
510 2259 610 2341 13,1,
637 2257 685 2338 16,
705 2255 739 2338 3,
767 2255 815 2336 17,
839 2256 866 2338 1,
880 2259 936 2318 aut
950 2256 982 2319 in
1006 2256 1225 2320 concludendo
1250 2252 1321 2340 (cfr.
1342 2255 1430 2321 Mad-

258 2355 363 2440 vigius
384 2357 422 2420 ad
442 2353 506 2420 Cic.
526 2356 564 2418 de
584 2355 638 2416 fin.
657 2352 690 2416 Π
709 2352 760 2430 25,
781 2349 960 2435 Seyffertus
981 2353 1079 2417 schol.
1098 2354 1154 2417 lat.
1174 2354 1190 2417 I
1209 2377 1239 2436 p.
1254 2351 1334 2441 2111)
1354 2355 1430 2419 ibid.

262 2454 341 2537 8,1,
365 2460 420 2516 aut
444 2455 477 2516 in
501 2452 640 2516 transitu
665 2450 705 2514 ad
730 2449 851 2532 aliquid
876 2449 1074 2514 contrarium
1099 2451 1308 2535 significando
1328 2448 1430 2537 (Seyf-

257 2551 359 2614 fertus
379 2551 398 2614 l.
420 2551 439 2615 l.
459 2574 488 2633 p.
508 2549 566 2637 43)
591 2549 666 2613 ibid.
686 2551 715 2632 6,
742 2551 767 2612 1.
991 2623 992 2627 η

341 2657 474 2727 primum
490 2683 528 2694 ——
541 2655 611 2712 inde
621 2647 655 2710 in
664 2669 770 2711 rerum
783 2647 1023 2710 enumeratione
1036 2668 1092 2729 pro
1110 2648 1228 2710 usitato
1242 2653 1374 2725 primum
1388 2683 1425 2692 -—

258 2751 367 2810 161016
393 2746 512 2829 legitur
532 2743 611 2808 VIII
639 2745 692 2827 10,
717 2746 737 2808 3
772 2749 932 2808 Curionem
961 2750 1047 2808 video
1075 2765 1108 2808 se
1140 2749 1303 2824 dupliciter
1333 2751 1429 2810 iecta-

258 2855 368 2920 torum,
378 2850 512 2923 primum
523 2893 528 2905 .
541 2893 546 2906 .
558 2891 578 2918 .,
594 2847 665 2904 1016
679 2863 704 2903 6.
716 2863 745 2924 q.
756 2863 779 2906 s.
809 2840 950 2904 eiusdem
963 2842 1089 2924 generis
1098 2842 1236 2905 alterum
1251 2843 1431 2924 exemplum

258 2961 325 3004 non
347 2941 463 3005 inveni.

342 3045 524 3118 proinde-
537 3049 571 3101 01
586 3035 664 3100 VIII
682 3037 722 3101 12
738 3039 814 3101 extr.
830 3058 849 3100 u
869 3048 897 3100 16
912 3047 991 3122 pete,
1007 3047 1040 3100 01
1053 3059 1136 3102 meus
1152 3043 1283 3100 iniurias
1297 3044 1430 3116 proinde

259 3141 434 3213 101600,οτ
462 3157 507 3199 mc
531 3140 686 3198 existimas
709 3155 735 3196 e.
755 3156 783 3216 q.
804 3157 827 3198 s.
852 3157 888 3196 ex
919 3155 1007 3199 more
1032 3135 1164 3217 antiquo
1198 3133 1318 3198 dicium
1341 3133 1429 3197 vide-

258 3236 323 3313 tur;
343 3255 417 3295 nam
437 3231 696 3316 frequentissime
711 3232 795 3315 apud
813 3231 961 3294 Plocium
976 3227 1048 3316 (eir.
1064 3231 1236 3315 Langenus
1251 3230 1427 3313 ‘Beitritge’

259 3354 288 3413 p.
305 3327 395 3416 295),
416 3335 491 3414 post
512 3352 577 3394 non
599 3330 645 3392 ita
668 3351 764 3412 saepe
781 3327 957 3409 invenitur3
983 3328 1039 3391 cfr.
1059 3327 1242 3412 Draegerus
1259 3328 1292 3391 ll
1307 3351 1337 3412 p.
1356 3329 1430 3394 633.

347 3449 437 3505 quum
473 3427 634 3512 particula
671 3447 742 3490 cum
779 3424 917 3507 positivo
957 3423 1106 3489 adiectivi
1144 3425 1316 3489 coniuncta
1353 3448 1430 3490 num

259 3547 277 3588 a
308 3523 471 3590 Ciceronis
504 3527 636 3607 eiusque
670 3524 850 3608 aequalium
884 3545 943 3587 usu
974 3545 1106 3607 prorsus
1140 3522 1353 3586 abiudicanda
1387 3525 1431 3588 sit

260 3623 329 3706 (011,
350 3621 555 3687 Woelfflinus
579 3619 787 3705 ‘Comparat’
811 3643 841 3703 p.
863 3621 913 3704 72,
937 3625 972 3686 at
994 3625 1108 3685 contra
1130 3619 1294 3684 Jordenus
1319 3619 1434 3686 Herm..

260 3720 320 3784 vol.
340 3717 417 3783 XIV
436 3742 465 3802 p.
487 3715 577 3805 633),
601 3740 666 3783 non
684 3716 935 3801 diiudicaverim,
958 3719 1020 3784 hoc
1039 3741 1113 3782 vero
1133 3718 1214 3783 mihi
1232 3723 1356 3783 eertum
1380 3725 1431 3782 est

260 3817 433 3882 abhorrere
458 3837 530 3880 eam
554 3816 594 3881 ab
618 3837 677 3879 usu
702 3813 812 3880 Caelii.
848 3837 923 3879 narn
943 3816 1028 3900 quod
1046 3814 1210 3879 Jordanus
1230 3816 1249 3878 l.
1269 3816 1288 3879 l.
1307 3816 1431 3898 profert

259 3916 339 3981 VIIl
363 3917 416 4000 15,
440 3917 704 3980 216160001601
732 3935 835 3992 quom
864 3920 987 3991 mulio,
1017 3912 1227 3976 exclamantis
1251 3919 1328 3977 sunt
1350 3914 1429 3978 haec

259 4015 356 4078 verba
376 4037 412 4076 ex
434 4009 592 4077 sermonis
611 4011 783 4076 familiaris
801 4010 951 4079 libertate
970 4032 1042 4074 cum
1058 4011 1089 4074 vi
1110 4009 1247 4093 quadam
1270 4015 1302 4075 et
1321 4013 1429 4096 gravi-

259 4115 328 4176 tate
351 4112 386 4176 in
409 4113 472 4175 fine
498 4111 677 4175 sententiae
701 4109 820 4192 posita:
854 4106 934 4172 ‘und
964 4131 982 4171 0
1007 4106 1067 4174 wie
1091 4109 1153 4172 viel
1181 4106 1264 4171 hab'
1292 4107 1344 4171 ich
1375 4109 1432 4173 auf

260 4210 330 4272 dem
350 4206 489 4272 Heraen'
514 4205 647 4295 (Wiel.).
685 4207 797 4271 eodem
820 4208 887 4270 fere
910 4205 1005 4270 modo
1029 4203 1157 4270 Caelius
1181 4207 1278 4268 etiam
1302 4205 1429 4270 locutus

260 4313 309 4370 est
324 4307 403 4370 VIll
419 4308 482 4384 8,9
506 4317 539 4370 oi
558 4313 607 4370 iiie
629 4327 735 4384 qoem
753 4313 789 4369 61
797 4315 956 4370 emenier
975 4303 1050 4367 ‘und
1071 4325 1155 4366 zwar
1170 4301 1229 4364 wie
1246 4302 1429 4386 schoneud',

259 4406 400 4488 itemque
429 4403 597 4467 Terentius
630 4403 726 4466 Andr.
757 4405 819 4468 136
852 4409 961 4467 reiecit
991 4424 1023 4464 se
1055 4407 1086 4462 io
1118 4421 1185 4462 eum
1214 4406 1292 4477 fiens
1324 4423 1428 4480 qoam
