3192 5024
759 320 890 388 -.1g
940 357 977 368 „

286 479 374 565 16,1
410 480 540 547 exhibet
572 487 654 561 ilico,
687 503 752 548 non
780 488 875 563 illico,
908 483 959 547 cui
987 482 1110 549 formae
1139 481 1361 549 altitschelio
1385 482 1453 570 (cfr

284 578 391 646 adnot.
407 581 447 644 ad
463 579 550 644 Trin.
565 580 629 645 688
654 585 687 645 et
709 603 816 665 opusc.
831 579 861 644 V
876 605 905 665 p.
921 579 1002 668 355)
1026 582 1147 666 pridem
1170 584 1320 667 explosae
1339 584 1461 648 mirum
1488 648 1491 652 .

284 683 334 742 est
352 678 548 762 patrocinari
568 680 665 744 etiam
684 701 769 742 nunc
785 679 1062 764 Wesenbergium.
1102 680 1157 744 sed
1177 681 1256 744 haec
1281 685 1313 745 et
1337 681 1462 745 similia

284 798 356 840 cum
376 781 552 860 pervagata
572 778 638 840 sint
657 798 759 858 neque
779 776 817 838 ad
838 776 982 841 Caelium
1003 778 1118 861 solum,
1139 777 1193 842 sed
1212 779 1252 842 ad
1272 780 1460 845 universam

283 874 377 938 istius
411 879 550 939 aetatem
582 874 778 957 pertineant,
815 874 896 938 nihil
929 878 979 938 est
1012 896 1067 938 cur
1104 876 1267 957 copiosius
1298 876 1352 940 hic
1385 900 1461 960 per-

283 993 464 1055 sequamur.

782 1227 889 1312 Caput
913 1227 953 1292 Il.

725 1368 1011 1456 Dcsyntaxi

584 1517 610 1570 1.
642 1517 690 1570 De
715 1514 868 1570 subiecto
892 1515 927 1570 st
948 1512 1151 1582 praedicato.

372 1626 407 1692 Si
434 1651 491 1712 per
519 1629 717 1714 anaphoram
746 1628 809 1694 duo
834 1633 890 1693 aut
913 1629 1007 1711 plura
1030 1626 1176 1692 subiecta
1203 1627 1456 1714 distinguuntur,

285 1726 324 1790 ad
348 1749 447 1790 unum
472 1728 575 1792 solum
604 1729 699 1812 idque
724 1726 869 1810 proxime
893 1728 1033 1809 positum
1058 1726 1169 1791 referri
1194 1726 1297 1790 solere
1320 1728 1455 1792 verbum

281 1823 347 1888 iam
367 1824 491 1906 pridem
516 1826 723 1911 grammatici
742 1827 970 1910 observarunt3
993 1825 1048 1888 cfr.
1068 1822 1251 1908 Madvigius
1272 1825 1312 1888 ad
1332 1823 1396 1889 Oia
1416 1826 1456 1889 de

283 1919 335 1984 fin.
355 1919 458 1998 1173,
481 1921 602 1986 Anaius
623 1921 699 1986 ‘Cic
721 1921 925 2007 sprachgebr.
945 1923 979 1984 in
998 1921 1178 2004 beaiehung
1197 1921 1225 1986 d.
1245 1923 1453 2006 gemeinsam.

281 2017 420 2100 praedic.
435 2017 487 2079 bei
503 2016 635 2081 mchrer.
652 2017 797 2100 subject?
813 2040 918 2104 progr.
935 2018 1166 2105 Quodlinburg.
1182 2043 1208 2082 a.
1226 2020 1319 2102 1884,
1334 2041 1363 2103 p.
1376 2022 1415 2085 17
1429 2044 1453 2085 s.

281 2113 426 2176 notabile
454 2113 554 2196 igitur
587 2118 637 2177 est
664 2114 797 2178 verbum
830 2116 949 2197 plurali
977 2138 1110 2181 numero
1139 2118 1215 2201 poni
1243 2118 1453 2201 praecedente

281 2210 425 2274 subiecto
442 2210 599 2294 singulari
613 2210 694 2274 VIll
712 2212 761 2293 16,
777 2213 797 2275 2
812 2220 840 2275 si
853 2221 972 2292 uliqaicl
989 2222 1074 2296 apud
1086 2226 1115 2280 te
1133 2238 1196 2293 aas,
1215 2222 1242 2279 si
1254 2221 1302 2278 vir
1316 2222 1451 2294 optimas,

278 2330 376 2386 peaer
395 2318 472 2388 iaus,
496 2306 700 2394 valemas¹)‚
723 2311 814 2374 cuius
833 2315 995 2378 structura
1019 2335 1057 2377 ea
1080 2317 1130 2377 est
1148 2333 1252 2395 causa,
1276 2312 1361 2395 quod
1378 2333 1451 2394 pro·

280 2429 398 2472 nomen
435 2430 489 2473 aas
522 2412 649 2472 tantum
687 2407 788 2473 habet
819 2411 959 2496 pondus,
995 2413 1032 2475 ut
1068 2411 1201 2475 verbum
1235 2409 1365 2474 sibimet
1397 2410 1453 2473 ad-

281 2508 473 2571 commodet.
519 2511 626 2572 cetera
658 2508 752 2571 huius
785 2531 861 2574 usus
895 2511 1042 2594 exempla
1074 2530 1139 2573 non
1172 2509 1219 2573 ita
1251 2509 1353 2572 multa
1381 2508 1449 2571 vide

280 2602 365 2684 apud
389 2601 527 2664 Anzium
550 2605 570 2666 l.
594 2604 613 2667 l.

368 2696 451 2758 Item
475 2719 583 2761 rarum
606 2699 759 2782 loquendi
783 2722 885 2784 genus
909 2704 959 2763 est
982 2701 1015 2762 in
1038 2698 1119 2763 VIII
1140 2701 1190 2782 10,
1209 2702 1229 2763 3
1253 2708 1300 2763 sia
1320 2713 1375 2766 aui
1393 2725 1452 2767 aaa

280 2800 340 2858 erit
363 2800 431 2857 istic
454 2799 561 2857 bellam
591 2793 650 2876 [sic
673 2793 837 2878 Baiterus,
865 2803 921 2859 sia
945 2805 1008 2856 aat
1029 2801 1078 2856 sit
1106 2806 1160 2856 aat
1186 2816 1246 2856 aaa
1270 2805 1330 2858 erit
1351 2798 1449 2876 Meri]

279 2901 334 2953 aat
365 2900 482 2954 tantam
514 2898 586 2971 erit,
618 2902 652 2955 ai
684 2911 735 2954 vos
767 2902 822 2954 aat
851 2909 1040 2955 saccessores
1069 2895 1176 2966 parnis
1209 2894 1322 2950 additis
1355 2898 1450 2967 copiis

277 2995 429 3053 sustinere
439 2995 596 3068 possint,
616 3010 676 3072 pro
692 3010 754 3071 quo
766 2994 887 3069 possitis
901 2988 1119 3068 expectamus3
1137 3005 1196 3048 nec
1209 2986 1318 3046 tamen
1335 2984 1451 3049 desunt

279 3087 405 3170 similia,
429 3087 517 3150 velut
540 3087 623 3169 apud
648 3084 835 3152 Ciceronem
860 3084 899 3148 ad
924 3081 1155 3167 fam.1115,2
1175 3089 1308 3165 primam
1331 3094 1365 3147 at
1387 3092 1450 3164 ipse

279 3197 310 3249 ta
331 3192 434 3263 tuique
452 3205 561 3269 amaea,
585 3190 695 3250 deinde
713 3195 747 3248 ai
764 3191 855 3248 etiam
874 3187 987 3260 reliqui
1003 3187 1085 3245 seire
1099 3188 1258 3261 possiam
1277 3180 1331 3245 cfr.
1352 3183 1449 3245 etiam

281 3279 479 3347 Schmalzius
509 3281 549 3347 ad
577 3281 714 3365 Reisigii
746 3282 847 3346 schol.
874 3280 965 3343 latin.
993 3283 1068 3362 post
1095 3278 1254 3344 Haasium
1286 3280 1402 3342 iterum
1430 3302 1449 3343 a

281 3377 460 3444 Schmalaio
485 3383 517 3443 et
539 3377 733 3464 Landgrafio
758 3380 833 3445 edit.
856 3379 917 3444 vol.
938 3376 988 3441 HI
1006 3400 1036 3460 p.
1054 3377 1142 3441 4111.
1166 3375 1232 3441 345
1247 3376 1277 3441 b.

368 3473 443 3542 Sine
467 3497 564 3542 causa
587 3476 757 3541 offendisse
781 3474 1050 3560 Wesenbergium
1075 3473 1196 3538 emend.
1221 3475 1276 3537 alt.
1300 3497 1329 3558 p.
1352 3475 1391 3536 19
1415 3473 1447 3538 in

281 3571 377 3638 verbo
401 3574 559 3657 singulari
579 3573 703 3639 duobus
724 3571 876 3639 subiectis
896 3572 1039 3637 subnexo
1059 3569 1138 3635 VIII
1158 3573 1186 3648 2,
1206 3573 1226 3635 2
1245 3593 1315 3634 aaa
1336 3575 1376 3632 M.
1397 3577 1448 3635 Oc-

279 3678 378 3735 tauiae
404 3676 454 3735 Oa.
475 3679 559 3748 filias
583 3682 612 3736 et
638 3677 668 3736 0.
688 3678 801 3737 Hirrus
824 3692 939 3737 mecam
959 3675 1053 3750 petii
1075 3667 1156 3730 haec
1176 3668 1321 3751 exempla
1345 3671 1447 3732 osten-

279 3767 359 3832 dunt
378 3766 541 3832 Ciceronis
565 3769 606 3832 ad
625 3769 693 3833 An.
713 3768 760 3833 IV
782 3770 832 3851 17,
851 3770 871 3833 3
891 3774 1020 3832 Mesalla
1043 3775 1145 3829 aosier
1167 3775 1196 3827 et
1219 3771 1284 3828 cias
1303 3769 1448 3830 Domitius

279 3872 455 3944 competitor
478 3872 615 3931 liberalis
643 3873 674 3929 ia
693 3873 806 3945 populo
829 3872 917 3929 valde
937 3867 1013 3942 fait,
1042 3861 1134 3924 Tusa.
1154 3861 1183 3924 V
1205 3862 1247 3926 85
1270 3871 1447 3942 voluptatem

280 3983 348 4025 cam
375 3968 531 4028 honestate
559 3969 764 4027 Dinomachus
793 3973 821 4027 ei
852 3966 987 4040 Callipho
1015 3965 1179 4043 copulavit,
1213 3958 1301 4022 Brut.
1321 3960 1362 4022 68
1391 3981 1447 4022 car

279 4065 374 4137 ipiiar
397 4064 506 4140 Lysias
530 4072 559 4123 et
581 4065 752 4140 Hyperides
775 4070 910 4136 amator,
939 4079 1007 4122 cam
1027 4063 1148 4136 penitas
1171 4064 1330 4135 ipaoretar
1356 4061 1446 4120 Caio?

279 4156 344 4220 alia
368 4157 409 4221 ab
433 4157 536 4219 Anzio
560 4157 579 4219 l.
599 4159 668 4240 lp.
692 4158 729 4221 11
756 4157 900 4223 collecta.

350 4315 377 4383 1)
395 4312 437 4368 ita
451 4312 586 4383 scriptum
601 4315 645 4367 est
658 4313 689 4368 in
703 4314 793 4369 altero
807 4301 890 4368 liuius
906 4313 1044 4383 epistulae
1059 4309 1185 4379 exemplo
1200 4309 1237 4364 nd
1250 4308 1308 4364 Att.
1319 4309 1344 4362 X
1354 4315 1370 4364 9
1380 4310 1413 4380 A,
1424 4318 1444 4379 1,

277 4393 349 4450 valet
368 4393 421 4447 hoc
440 4393 502 4447 loco
521 4393 678 4461 Mediceus3
698 4395 747 4449 sad
766 4395 815 4450 cir.
835 4393 1053 4463 Wesenbergins
1071 4390 1180 4445 emend.
1198 4408 1225 4459 p.
1247 4396 1306 4444 127.
