3192 5024
714 304 927 367 ..10-

238 462 364 526 dicendi
394 485 413 526 a
436 460 583 527 Tulliano
612 461 740 526 diversa
767 467 873 546 erant,
901 486 939 529 ea
965 486 1031 529 non
1058 465 1182 529 ratione
1209 465 1320 549 aliqua
1347 468 1404 528 aut

238 560 470 652 obseruatione¹
482 561 595 625 effecta
614 581 693 642 esse,
712 560 767 623 sed
786 583 823 626 ex
843 562 914 644 ipso
933 565 1069 627 naturae
1088 561 1271 645 ingeniique
1290 560 1402 626 habitu

239 657 308 722 eius
332 656 513 722 manavi'sse
533 680 570 721 ex
590 657 636 721 eis
655 680 737 741 quae
761 682 858 742 supra
881 659 946 723 dixi
969 659 1058 743 setis,
1081 663 1168 742 pute,
1192 657 1402 741 intellegitur.

325 753 414 818 Haeo
428 754 494 818 fere
509 758 592 839 sunt,
607 776 688 838 quae
703 756 742 819 de
757 753 858 820 Caelii
872 757 904 820 in
925 757 1127 820 orationibus
1142 755 1269 840 quidem
1285 775 1402 839 genere

237 851 364 918 dicendi
390 851 556 935 comperta
583 854 752 936 habemus3
781 874 818 916 cx
848 875 911 936 quo
940 853 1116 918 existimari
1144 856 1254 936 polest
1276 852 1314 916 de
1338 873 1403 916 ser-

237 973 332 1016 mone
356 950 580 1033 epistularum3
603 973 678 1015 nam
697 951 749 1015 vix
774 949 945 1034 quicquam
969 949 1053 1014 hunc
1078 951 1118 1016 ab
1141 950 1205 1014 illo·
1221 951 1402 1035 discrepare

238 1048 277 1112 ad
308 1045 410 1112 Caelii
440 1047 580 1112 indolem
609 1048 796 1130 respicienti
831 1071 849 1111 a
880 1048 983 1132 primo
1016 1049 1184 1131 probabile
1214 1052 1271 1113 est.
1326 1047 1403 1113 hinc

237 1149 344 1211 aulem
369 1143 521 1229 efficitur,
549 1145 634 1230 quod
662 1147 780 1210 summi
808 1146 962 1210 momenti
991 1149 1053 1229 est,
1082 1147 1135 1210 sed
1160 1167 1254 1231 saepe
1278 1146 1402 1229 neglec-

236 1247 320 1327 tum,
350 1243 386 1307 ut
416 1243 600 1309 cautissime
631 1244 698 1308 eius
733 1243 888 1328 epistulas
923 1244 1080 1327 attingere
1116 1246 1264 1327 oporteat
1299 1243 1402 1324 sitque

236 1339 419 1424 videndum,
441 1362 490 1420 ne,
513 1340 587 1405 dum
612 1341 791 1405 orationem
814 1340 975 1405 horridam
1000 1345 1033 1404 et
1055 1340 1236 1424 impolitam
1257 1338 1296 1403 ed
1316 1327 1402 1403 Cice-

236 1437 325 1502 ronis
345 1459 491 1503 normam
511 1439 639 1522 exigere
660 1438 835 1521 studemus,
850 1436 994 1504 O'aelium
1014 1460 1051 1502 ex
1066 1436 1176 1503 Caelio
1196 1437 1401 1520 expellamus.

235 1536 290 1600 sed
312 1537 376 1600 iam
402 1536 602 1620 inquiramus
626 1538 659 1599 in
682 1536 820 1620 singula,
