3192 5024
730 297 944 359 „24-

252 461 280 523 si
303 459 430 542 quidem
454 457 612 538 Mediam,
636 477 729 539 quem
754 455 1005 538 Wesenbergius
1029 455 1185 538 sequitur,
1208 455 1288 518 fides
1310 454 1424 518 haberi

252 560 369 640 potest,
393 554 474 619 VIII
493 557 559 638 2,1
589 561 714 618 relictus
742 560 803 630 lapi
830 557 969 616 Liciniae
996 560 1134 617 maiore
1161 575 1224 616 esse
1253 559 1423 632 periculo

252 661 388 728 videtum
404 675 499 738 quam
515 652 642 736 quidem
654 654 848 714 structuram
864 650 910 713 lta
926 651 1094 734 explicant,
1108 655 1145 714 ut
1159 650 1268 714 dicant
1277 649 1423 716 ‘Latinos

253 753 359 815 minus
383 754 530 815 accurate
553 752 679 814 locutos
704 748 801 811 etiam
825 770 876 811 res
901 752 992 812 extra
1015 747 1154 832 aliquem
1177 748 1313 832 positas,
1342 771 1423 833 quae

253 851 282 914 ei
305 848 498 930 acciderent,
522 847 664 911 ablativo
689 845 855 929 qualitatis
880 845 1104 930 significasse’3
1129 847 1185 913 cfr.
1208 845 1424 930 Nipperdeius

253 968 360 1030 opusc.
379 968 409 1028 p.
432 946 494 1009 173
518 947 551 1008 et
574 944 613 1007 ad
634 939 729 1008 Corn.
748 941 829 1026 Nep.
848 941 960 1006 XVIII
978 945 1008 1028 3,
1028 945 1055 1008 6.
1101 965 1160 1008 nec
1183 945 1291 1027 potest
1312 945 1425 1029 negari

254 1042 375 1108 similia
405 1041 481 1106 huie
514 1038 616 1104 Caelii
648 1041 718 1104 loeo
752 1041 897 1122 exempla
927 1041 1079 1124 inveniri,
1112 1063 1192 1125 quae
1225 1042 1426 1125 collegerunt

254 1140 471 1224 Nipperdeius
496 1160 603 1222 opusc.
623 1160 653 1221 p.
675 1139 737 1203 173
762 1141 794 1202 et
817 1137 1001 1221 Madvigius
1026 1139 1148 1203 advers.
1168 1139 1237 1205 crit.
1255 1139 1288 1203 Π
1306 1162 1336 1223 p.
1351 1141 1426 1206 237.

255 1241 399 1302 attamen
431 1235 518 1301 haud
552 1236 617 1300 scio
650 1257 693 1298 an
727 1234 845 1298 rectius
878 1233 1028 1300 Baiterus
1060 1236 1113 1300 hic
1145 1245 1181 1301 in
1213 1245 1330 1303 maiore
1362 1261 1427 1303 esse

252 1342 391 1416 periculo
415 1337 471 1398 aut
489 1333 668 1398 Lambinus
693 1339 809 1395 maiore
833 1353 896 1397 esse
920 1339 955 1396 in
974 1341 1115 1413 periculo
1134 1336 1236 1418 scribi¹
1256 1336 1425 1400 voluerint.

254 1455 329 1496 uam
353 1433 399 1494 lta
421 1431 586 1495 Romanos
615 1429 718 1492 dicere
748 1427 862 1518 solitos
886 1451 956 1493 esse
979 1431 1059 1495 haee
1083 1433 1231 1516 exempla
1255 1434 1428 1498 ostendent

255 1528 418 1593 Ciceronis
442 1527 537 1593 Catil.
556 1527 572 1590 I
593 1527 633 1589 19
653 1533 707 1603 qui
724 1546 834 1604 mucan
858 1534 888 1590 in
904 1535 1044 1608 periculo
1064 1551 1165 1608 essem,
1189 1529 1272 1593 Phil.
1288 1529 1369 1593 VIII
1383 1532 1427 1595 22

254 1648 354 1691 omnes
386 1633 417 1690 in
450 1635 533 1690 iunio
562 1630 703 1704 periculo
828 1636 919 1689 erunt
942 1635 1132 1705 consulares,
1164 1626 1257 1692 Verr.
1275 1627 1344 1691 VI
1370 1635 1428 1691 istu

226 1721 229 1728 ’
251 1732 414 1805 ρνουῖηοῑα
437 1731 558 1788 minimo
583 1730 613 1787 in
633 1728 773 1802 periculo
796 1730 847 1800 sit,
877 1746 942 1788 sen.
965 1726 987 1787 4
1010 1747 1121 1804 maone
1145 1733 1176 1790 in
1201 1732 1341 1804 periculo
1364 1748 1428 1788 rem

252 1829 407 1904 pubiicum
432 1825 586 1902 futurum,
619 1817 756 1903 Nepotis
785 1819 878 1886 Dion.
904 1825 973 1906 8,2
1001 1845 1068 1887 euni
1095 1845 1205 1901 macno
1234 1830 1265 1886 in
1289 1831 1429 1903 periculo

127 1944 131 1950 ·
255 1943 331 1997 esse,
362 1919 428 1983 Att.
450 1921 538 2002 10,1
569 1939 653 1982 nemo
682 1937 742 1980 non
770 1938 879 1996 mucio
909 1928 939 1983 in
964 1928 1103 1999 periculo
1131 1925 1264 1985 Atticum
1292 1931 1430 2001 putarat,

255 2017 373 2080 tuidi
402 2028 435 2080 ui
463 2021 550 2080 modo
579 2021 613 2078 iii
639 2019 725 2077 mocio
750 2021 795 2077 iili
822 2023 852 2079 in
875 2039 988 2081 summo
1017 2028 1115 2082 esseni
1137 2029 1192 2081 aui
1211 2026 1351 2098 periculo
1375 2030 1431 2083 aui

253 2117 392 2192 suseipic,
423 2113 499 2177 Dat.
523 2111 592 2194 5,4
622 2120 703 2176 illum
824 2121 940 2178 maiore
966 2119 1037 2193 sore
1060 2123 1091 2180 in
1116 2122 1304 2195 discrimine,
1334 2119 1430 2200 atque

257 2211 320 2276 alia
344 2211 519 2294 permulta,
548 2231 629 2293 quae
653 2231 840 2274 enumerare
869 2213 1004 2296 longum
1035 2215 1093 2278 est.
1138 2235 1219 2296 quae
1244 2216 1350 2278 autern
1374 2214 1430 2278 ad-

257 2311 401 2373 feruntur
421 2307 567 2391 exempla
581 2306 754 2372 locutiouIs
769 2331 834 2373 esse
848 2316 989 2390 periculo
1004 2317 1114 2390 ulique,
1134 2333 1171 2375 ea
1186 2315 1243 2376 aut
1260 2312 1431 2376 dissimilia

258 2411 314 2471 aut
333 2405 506 2470 manifesto
526 2409 676 2496 corrupta
697 2410 754 2470 aut
767 2407 861 2472 valde
881 2411 1031 2492 suspecta
1050 2413 1135 2475 sunt.
1168 2432 1245 2474 nam
1266 2408 1430 2474 Ciceronis

256 2504 337 2568 illud
356 2504 415 2588 leg.
436 2503 681 2587 agr.1145quo
706 2511 827 2568 tandem
847 2505 1015 2593 (censetis)
1040 2516 1150 2592 naimo,
1173 2530 1240 2586 quo
1260 2516 1431 2588 periculo

257 2610 385 2666 miserus
412 2607 551 2665 nationes
580 2605 706 2679 suturas
739 2603 967 2668 concinnitatis
1001 2606 1107 2669 studio
1142 2605 1250 2668 deberi
1284 2606 1431 2688 adparet3

258 2697 372 2761 deinde
401 2696 441 2760 ad
470 2696 544 2760 fam.
565 2697 611 2760 IV
634 2696 723 2775 15,2
756 2721 829 2762 cum
861 2698 1020 2764 Lambino
1054 2701 1257 2766 scribendum
1290 2724 1360 2765 esse
1393 2726 1432 2767 ne

257 2817 315 2873 quo
339 2802 374 2857 in
400 2795 476 2872 [om.
500 2793 597 2874 Med]
623 2802 763 2875 periculo
791 2807 820 2860 ie
839 2804 967 2877 proprio
996 2805 1187 2862 existimares
1216 2820 1280 2862 esse
1303 2799 1431 2861 demon·

258 2896 365 2956 strant
388 2914 426 2955 ea
446 2913 526 2975 quae
551 2894 703 2956 secuntur
722 2901 757 2957 in
776 2915 885 2973 maffeio
905 2915 1013 2979 omnes,
1036 2901 1092 2959 seii
1109 2905 1208 2958 iumen
1228 2901 1264 2957 in
1283 2902 1433 2958 communi

258 3012 368 3054 sumus
421 2989 558 3073 denique
590 2990 675 3073 quod
706 2991 740 3054 in
773 2989 918 3055 Cornelii
951 2991 1089 3076 Nepotis
1123 2989 1285 3054 codicibus
1318 2991 1432 3071 quater

259 3088 410 3151 scribitur
434 3109 498 3151 esse
517 3095 656 3166 periculo
680 3096 781 3166 aliquo
806 3086 916 3173 (Dion.
940 3091 969 3173 2,
988 3090 1019 3172 4,
1043 3088 1117 3152 Dat.
1137 3089 1166 3170 5,
1184 3088 1215 3169 3,
1239 3086 1334 3152 Ham.
1353 3087 1383 3170 2,
1405 3088 1432 3170 1,

259 3185 367 3249 Hann.
387 3187 417 3264 9,
437 3183 482 3269 2),
507 3205 592 3248 nunc
613 3188 767 3268 quattuor
790 3186 841 3250 his
865 3187 945 3251 locis
965 3209 1004 3250 ex
1023 3185 1223 3274 Fleckeiseni
1247 3185 1432 3250 coniectura

259 3283 331 3368 (cfr.
355 3282 470 3347 Philol.
494 3283 557 3348 vol.
582 3282 630 3346 IV
649 3306 678 3365 p.
699 3281 778 3367 318)
811 3282 851 3346 ab
885 3283 1018 3347 Halmio
1052 3290 1082 3346 in
1115 3283 1272 3348 insertum
1301 3288 1350 3348 est
1378 3285 1432 3348 ad-

259 3378 418 3464 probante
434 3379 526 3462 Lupo
542 3379 581 3445 ‘d
591 3378 805 3464 Sprachgebr.
816 3380 843 3444 d.
856 3378 950 3445 Corn.
961 3381 993 3446 N
995 3379 1094 3465 epos'‚
1108 3380 1212 3445 Berol.
1226 3381 1321 3466 1876,
1334 3405 1364 3466 p.
1380 3385 1431 3448 24.

350 3484 492 3570 Summo,
511 3486 633 3569 opinor,
654 3487 723 3551 iure
741 3484 996 3572 Wesenbergius
1016 3484 1085 3572 (cfr.
1101 3488 1222 3552 emend.
1238 3511 1268 3572 p.
1283 3489 1326 3553 64
1346 3488 1432 3574 adn.)

261 3605 397 3668 eumque
430 3588 558 3648 secutus
592 3583 741 3649 Baiterus
774 3582 855 3647 VIII
875 3586 947 3669 2,1
981 3592 1135 3650 absolutus
1253 3597 1282 3650 ei
1313 3594 1433 3665 quidem

260 3687 396 3747 omnibus
420 3687 577 3745 ordinibus
595 3681 869 3765 praepositionem
893 3688 932 3746 ab
957 3685 1032 3748 ante
1055 3690 1191 3748 omnibus
1213 3684 1433 3768 inseruerunt3

260 3802 364 3863 neque
401 3779 487 3843 enim
526 3778 656 3844 omniuo
690 3779 744 3862 qui
781 3801 840 3843 sua
873 3783 989 3864 sponte
1022 3779 1233 3846 absolverunt
1264 3785 1432 3868 tamquam

260 3878 513 3942 instrumentum
538 3875 675 3939 actionis
700 3875 874 3960 significari
897 3882 1041 3961 possunt.

625 4126 654 4178 3.
682 4123 731 4178 De
753 4125 1069 4194 praepositionibus.

351 4247 407 4312 Bis
423 4250 554 4331 ponitur
572 4250 770 4334 praepositIo
790 4251 828 4315 ub
846 4252 880 4316 in
900 4250 1113 4336 significanda
1132 4274 1175 4334 re,
1195 4252 1284 4316 cuius
1303 4253 1431 4319 ratione

262 4346 375 4410 habita
408 4347 531 4430 aliquid
564 4346 696 4431 dicitur,
728 4347 809 4420 VIII
829 4351 917 4433 10,1
950 4359 1074 4433 scirem,
1107 4372 1197 4428 quum
1226 4361 1358 4431 paratus
1390 4359 1433 4416 ab
