3192 5024
270 1343 312 1407 M.
336 1343 437 1408 Caelii
460 1342 535 1407 Rufi
558 1343 696 1408 oratoris
720 1343 833 1430 vitam,
856 1364 976 1425 mores,
1000 1344 1219 1427 eloquentiam
1242 1365 1350 1426 quam-

181 1463 279 1524 quam
311 1443 405 1505 multi
438 1444 471 1504 et
499 1441 599 1508 docti,
617 1441 678 1504 viri
709 1439 784 1502 inde
812 1461 832 1502 a
860 1439 953 1502 Pauli
980 1439 1121 1504 Manutii
1149 1441 1352 1524 temporibus

182 1537 428 1621 descripserunt,
438 1536 462 1624 ¹)
482 1560 577 1624 nemo
600 1542 711 1600 tamen
734 1537 838 1601 adhuc
860 1538 1010 1620 inventus
1029 1541 1089 1619 est,
1112 1539 1168 1622 qui
1189 1537 1226 1603 in
1248 1558 1351 1621 genus

181 1633 250 1698 eius
284 1633 423 1713 dicendi,
461 1635 554 1717 quale
587 1655 659 1697 eum
696 1633 732 1696 in
769 1634 961 1717 fragmentis
998 1635 1184 1698 orationum
1215 1639 1287 1698 tum
1319 1635 1352 1698 in

180 1732 399 1814 septendecim
424 1731 571 1814 epistulis
593 1730 679 1795 inter
697 1729 923 1796 Ciceronianus
947 1732 1083 1794 servatis
1103 1736 1278 1815 comparet,
1301 1732 1352 1794 de·

181 1828 250 1892 dita
278 1850 376 1912 opera
405 1825 645 1912 inquisiverit.²)
673 1828 851 1890 'nimirum
884 1829 940 1890 aut
975 1849 1107 1909 prorsus
1139 1829 1354 1914 neglexerunt

180 1924 376 1989 latinitatem
401 1919 589 1989 Caelianam
612 1929 669 1989 aut
697 1923 910 1996 confuderunt
936 1925 1256 2008 permiscueruntque
1280 1947 1353 1988 cum

182 2021 345 2105 Tulliana,
376 2023 469 2105 quasi
500 2027 563 2086 una
592 2022 768 2106 eademqne
800 2025 901 2103 esset,
936 2043 1018 2104 quae
1046 2021 1263 2086 dissimillima
1294 2028 1352 2084 cst.

179 2120 315 2202 adparet
345 2123 465 2200 autem,
487 2115 608 2203 'quanti
639 2119 683 2182 sit
712 2116 868 2183 momenti
896 2121 930 2180 et
959 2117 1001 2180 ad
1029 2117 1199 2182 historiam
1222 2118 1352 2202 linguae

178 2217 296 2280 latinae
320 2217 412 2299 plene
436 2217 694 2301 cognoscendam
724 2220 757 2293 et
784 2215 824 2278 ad
841 2215 945 2278 ¹crisin
969 2215 1022 2278 via
1046 2237 1083 2279 ac
1111 2216 1238 2279 ratione
1260 2215 1351 2279 faeti-

177 2315 319 2396 tandam‚
338 2318 374 2378 ut
394 2314 471 2398 quid
486 2314 678 2378 discriminis
698 2315 783 2377 inter
797 2311 963 2378 Ciceronis
984 2313 1164 2376 orationem
1183 2316 1216 2374 et
1235 2334 1350 2395 aequa-

178 2411 259 2473 lium
282 2411 413 2474 intersit
436 2433 534 2495 quam
562 2411 802 2474 accuratissime
830 2409 1053 2492 investigetur.
1099 2409 1279 2492 quodcum
1304 2411 1352 2473 ita

178 2507 231 2587 sit,
260 2507 540 2588 operaepretium
564 2527 634 2569 esse
658 2504 783 2568 videtur
806 2505 849 2570 M.
874 2504 974 2570 anlii
1002 2507 1163 2570 rationem
1193 2506 1351 2571 scribendi

179 2625 251 2668 cum
285 2624 361 2667 eura
390 2605 548 2687 persequi.
600 2625 682 2686 quae
713 2603 843 2685 quidem
872 2625 925 2666 res
956 2625 1151 2688 quamquam
1181 2625 1249 2668 non
1279 2627 1350 2668 sum

178 2701 304 2764 nescius
342 2703 471 2784 quantis
512 2700 758 2766 difficultatibus
798 2699 953 2782 impedita
986 2701 1043 2784 sit,
1075 2723 1148 2765 cum
1184 2706 1218 2764 et
1250 2701 1350 2765 codex

178 2795 374 2884 Medieeus³)
398 2799 515 2868 iubae
539 2798 751 2882 epistularum
773 2803 867 2879 parte
890 2799 1082 2881 corruptelis
1105 2799 1253 2882 plurimis
1277 2819 1349 2882 gra-

177 2897 380 2980 vissimisque
408 2896 596 2980 inquinatus
625 2901 658 2959 et
684 2896 787 2979 ipsius
816 2891 918 2958 Caelii
946 2895 1108 2960 scribendi
1136 2917 1238 2980 genus
1266 2895 1348 2959 eius·

177 2994 263 3058 modi
293 2993 352 3076 sib,
382 2996 433 3076 ut,
464 2992 540 3076 quid
569 2992 685 3056 fervidi
711 2993 809 3055 animi
837 2993 1075 3078 neglegentiae,
1103 2992 1180 3077 quid
1207 2992 1350 3056 incurias

177 3092 358 3156 scribarum
381 3089 547 3173 debeatur,
570 3111 666 3173 saepe
685 3089 824 3154 discerni
846 3111 949 3172 paene
972 3095 1119 3173 nequeat,
1142 3094 1253 3154 tamen
1275 3112 1348 3156 con-

177 3189 249 3253 silio
274 3191 371 3271 atque
394 3187 527 3252 hortatu
550 3186 729 3250 Bemhardi
749 3184 929 3268 SchmidtiI,
952 3188 1174 3270 praeceptoris
1196 3209 1261 3251 non
1286 3208 1349 3251 uno

175 3287 305 3351 nomine
324 3284 432 3349 deme
453 3284 568 3368 meriti,
592 3305 664 3348 eam
683 3283 816 3368 adgredi
840 3306 937 3349 ausus
957 3306 1037 3367 sum,
1061 3284 1247 3368 addiditque
1270 3286 1349 3350 mihi

179 3383 322 3447 animum
338 3382 361 3446 I.
376 3382 418 3447 H.
434 3381 609 3448 Schmalaii
623 3382 815 3466 exemplum,
829 3382 884 3466 qui
897 3381 1002 3451 tribus
1021 3384 1349 3449 commentationibus

251 3565 276 3632 1)
294 3563 398 3618 Paulus
412 3564 557 3619 Manutius
572 3567 638 3619 ante
653 3561 885 3618 commentarium
901 3563 938 3616 ad
952 3561 1093 3618 Ciceronis
1112 3564 1298 3634 epistularum
1312 3565 1349 3620 ad

177 3641 332 3696 familiares
346 3643 395 3698 lib.
410 3645 486 3712 VII13
501 3646 547 3700 W.
561 3644 739 3698 Drumannua
752 3642 898 3696 histrom.
912 3643 967 3700 vol.
983 3645 1008 3696 Π
1022 3664 1048 3714 p.
1064 3650 1113 3698 411
1130 3664 1176 3713 ss.;
1192 3647 1222 3701 Il.
1236 3646 1349 3700 Ellend·
1422 3639 1426 3648 ’

176 3722 233 3776 tius
252 3723 405 3792 prolegom.
426 3723 462 3777 ad
482 3723 624 3778 Ciceronis
643 3723 760 3776 Brutum
778 3741 805 3790 p.
821 3721 933 3776 CXXIII
953 3741 988 3778 ss.
1009 3723 1076 3778 edit.
1096 3725 1160 3792 alt.;
1180 3725 1211 3780 G.
1228 3725 1350 3781 Boissier

176 3803 206 3855 in
234 3803 307 3856 libro
328 3802 439 3857 ‘Cicero
462 3804 520 3856 und
548 3802 625 3858 scine
647 3802 787 3868 Freunda
816 3802 934 3856 deutsch
962 3804 1057 3859 bearb.
1077 3821 1132 3859 von
1150 3805 1181 3858 E.
1200 3805 1348 3872 Doehler’‚

175 3883 251 3952 Lips.
269 3889 349 3950 1869,
372 3901 399 3952 p.
421 3887 475 3935 171·
485 3901 534 3948 ss.;
562 3883 607 3937 W.
627 3881 851 3952 Wegehauptiua
878 3882 909 3936 in
935 3901 1028 3953 progr.
1049 3884 1199 3941 Vratislav.
1220 3901 1244 3940 a.
1267 3892 1348 3952 18783

174 3965 208 4018 H.
225 3961 467 4017 Wischhoelterus
487 3963 534 4016 ‘de
553 3965 589 4016 M.
605 3962 700 4017 Caelio
719 3961 792 4016 Rufo
812 3965 946 4032 oratore',
966 3963 1257 4033 diss.Lips.a.1885.

246 4045 276 4114 2)
292 4058 358 4096 nam
387 4041 532 4096 Vindictae
555 4043 721 4098 Latiur'tutis
745 4043 904 4114 (lusitanae,
931 4063 1001 4113 quas
1030 4046 1063 4098 Η.
1087 4045 1130 4100 W.
1156 4044 1291 4116 Smingar
1319 4046 1348 4100 in

175 4124 212 4178 M.
237 4121 326 4177 Caelii
349 4121 413 4175 Rufi
437 4123 466 4175 et
488 4121 525 4176 M.
550 4122 637 4174 'I'ullii
660 4122 802 4179 Ciceronis
825 4123 1012 4193 epistularum
1039 4127 1200 4180 mutuarum
1223 4125 1347 4180 editione

177 4220 196 4256 ι.
212 4202 275 4257 init.
290 4202 431 4256 editurum
451 4217 481 4254 se
499 4201 675 4271 promiserat,
694 4220 833 4271 nusquam
851 4202 928 4257 foras
947 4203 1031 4258 datae
1051 4207 1123 4258 sunt.

247 4286 274 4351 3)
293 4283 328 4336 de
352 4281 453 4336 ceteris
478 4279 635 4350 codicibus,
655 4300 772 4350 quorum
790 4280 926 4337 lectiones
950 4281 1109 4352 dimlgarIt
1128 4282 1158 4338 Ο,
1175 4281 1348 4338 Streicberus

177 4360 207 4414 in
226 4365 371 4417 comment.
386 4361 486 4432 philol.
506 4361 621 4434 Jenens.
633 4362 688 4417 vol.
703 4363 742 4416 III
755 4381 783 4432 p.
798 4369 833 4417 99
848 4380 896 4430 aa,
914 4363 1040 4416 nondum
1058 4363 1094 4417 ad
1114 4363 1196 4416 firieru
1211 4361 1348 4434 perducta

176 4441 304 4508 quaesIIo
319 4445 375 4511 est3
395 4443 443 4498 cfr.
459 4444 489 4497 L.
504 4441 747 4498 Mendelssohnius
762 4443 855 4497 annal.
869 4441 969 4514 philol.
985 4443 1039 4498 vol.
1051 4441 1163 4500 CXXIX
1177 4461 1204 4514 p.
1218 4448 1267 4500 108
1283 4441 1346 4500 utba
