3192 5024
637 343 850 406 ..19..

245 499 320 570 Non
342 525 438 587 saepe
457 501 504 587 fit,
527 507 563 567 ut
585 501 631 568 ite
650 501 798 568 deflectat
819 505 934 588 oratio,
952 501 1219 588 quemadmodum
1243 501 1326 589 apud

159 598 305 666 (laelium
324 599 404 664 VIII
420 600 482 684 3,1
508 623 567 665 non
591 609 713 665 mvltvm
738 607 779 666 M.
808 609 964 668 Octavium
987 625 1109 667 eornm
1133 610 1213 680 odiv,
1235 625 1328 680 qvae

160 705 287 762 Hirrum
308 709 459 781 premunt,
482 720 562 776 qnae
580 706 732 777 permulto
750 712 829 778 svnt,
851 699 1057 788 sublevent;¹)
1081 701 1219 780 debebat
1242 703 1326 764 cuitu

159 795 289 861 (laelius
318 799 374 859 aut
402 795 571 859 relativum
596 796 636 859 ad
660 818 763 861 eornm
791 799 911 862 referre
935 802 991 862 aut
1019 800 1155 862 scribere
1183 821 1224 861 en
1248 805 1327 876 odire,

160 915 240 970 qnae
258 914 284 957 e.
303 915 331 976 q.
352 915 387 976 e.;
413 895 551 957 alterum
576 895 678 958 nostri
697 895 757 960 loci
782 917 914 979 prorsus
933 896 1039 960 simile
1059 895 1241 979 exemplum
1264 916 1328 956 uon

161 991 268 1054 inveni
295 992 356 1054 nisi
386 1013 484 1054 unum
513 989 676 1056 Ciceronis
705 992 743 1056 de
772 992 1095 1058 fin.1139vninvenv
1125 999 1329 1058 contentiones

162 1109 318 1166 omnesque
339 1096 504 1153 sententias
526 1096 676 1168 simplices
700 1113 838 1168 eornm,
863 1100 897 1154 in
921 1097 1051 1170 qvibvs
1069 1099 1153 1155 nulle
1174 1097 1251 1154 inest
1268 1097 1328 1153 vir·

161 1193 232 1249 tntis
255 1191 421 1266 adiunctio,
445 1187 486 1252 ad
510 1209 605 1270 quem
629 1189 735 1254 locum
759 1189 831 1252 vide
855 1188 1011 1272 Madvigii
1034 1188 1142 1253 adnot.

248 1283 294 1346 At
324 1284 372 1346 uti
405 1286 550 1367 potuisse
580 1283 724 1350 Caelium
758 1290 814 1350 aut
846 1286 946 1350 ullum
976 1286 1105 1350 omnino
1138 1286 1328 1368 scriptorem

160 1380 343 1446 Romanum
366 1383 434 1445 tam
454 1383 639 1466 neglegenti
657 1383 800 1467 duraque
824 1386 994 1465 structura,
1018 1383 1145 1466 qualern
1169 1383 1329 1446 Mediceus

161 1478 293 1542 exhibet
315 1477 396 1542 VIII
415 1479 444 1560 4,
464 1480 485 1543 2
513 1487 544 1544 in
572 1488 719 1545 evitandis
748 1488 964 1564 incensitis,
992 1487 1056 1558 qvi
1080 1502 1113 1544 se
1136 1487 1330 1546 intenderunt

162 1582 357 1640 adversarios
381 1583 500 1640 ineius
533 1583 728 1656 tribunatum,
755 1579 963 1644 uectatione
990 1600 1049 1643 ncc
1077 1599 1137 1640 usu
1164 1578 1329 1660 probatur.

161 1695 237 1736 nam
266 1673 350 1756 quod
380 1695 450 1737 eam
479 1672 653 1738 defendunt
680 1674 749 1758 (clr.
774 1675 956 1758 Dreegerus
979 1674 995 1737 I
1018 1698 1048 1757 p.
1073 1675 1151 1759 190)
1180 1696 1217 1738 eo
1245 1675 1330 1758 quod

162 1769 279 1834 dicitur
306 1793 346 1834 en
370 1792 404 1834 eo
431 1793 545 1848 venere
568 1781 807 1854 venenosum,
835 1794 875 1836 ecc
897 1793 932 1836 eo
956 1765 1081 1836 numero
1104 1779 1158 1849 qni
1184 1778 1330 1848 dicerent,

162 1868 200 1930 de
216 1889 279 1951 quo
295 1891 354 1931 usu
374 1867 621 1951 disputaverunt
635 1867 818 1952 Madvigius
833 1868 872 1932 ad
892 1866 957 1934 oie.
977 1870 1015 1932 dc
1034 1868 1088 1931 fin.
1106 1866 1156 1931 III
1176 1868 1219 1930 70
1240 1871 1273 1930 et
1296 1866 1332 1932 Ο.

161 1964 194 2030 F.
218 1965 266 2030 W.
282 1964 456 2030 Muellerus
476 1965 517 2030 ad
537 1963 600 2030 cic.
615 1967 653 2029 de
674 1965 755 2031 offic.
775 1965 1061 2048 inmanifestum
1082 1969 1131 2030 est
1149 1965 1209 2028 boc
1229 1984 1330 2048 genus

160 2062 312 2146 loquendi
330 2086 395 2128 non
411 2064 571 2147 pertinere
589 2065 652 2128 nisi
672 2063 712 2128 ad
726 2064 931 2128 substantiva
950 2064 1118 2128 collectiva
1133 2061 1330 2147 (relativum

161 2159 200 2222 ad
211 2160 339 2244 singula
348 2161 496 2243 refertur,
512 2167 596 2244 quae
604 2161 812 2226 substantivo
823 2159 1149 2243 comprehenduntur’
1159 2153 1331 2245 Madvigii

159 2256 212 2321 hic
235 2280 311 2322 vero
334 2259 416 2322 nihil
439 2259 504 2323 tale
530 2259 637 2324 locum
660 2258 778 2322 habere
802 2257 875 2322 iude
899 2258 1102 2341 perspicitur,
1125 2258 1210 2340 quod
1234 2257 1332 2320 verba

160 2354 363 2436 insequentia
396 2359 515 2420 Laelios
545 2368 574 2419 et
606 2361 750 2419 Antonios
778 2367 807 2418 et
839 2360 873 2417 id
901 2375 997 2431 penus
1025 2362 1157 2417 volentes
1190 2359 1259 2417 dieo
1291 2351 1331 2415 ad

162 2453 268 2513 certae
291 2471 449 2532 personae
474 2451 742 2530 significationem
771 2451 962 2515 referuntur.
986 2449 1208 2512 emendatione
1231 2449 1332 2531 igitur

164 2569 246 2629 opus
284 2550 333 2610 est
370 2548 585 2631 facillimeque
615 2550 722 2613 locum
755 2547 895 2613 correxit
926 2547 1178 2631 Wesenbergius
1211 2547 1331 2612 emend.

163 2669 193 2729 p.
216 2645 276 2708 101
294 2667 317 2708 s
346 2644 406 2727 ita,
434 2648 469 2708 ut
497 2646 602 2710 deleto
631 2653 667 2710 iis
694 2652 768 2710 unte
797 2650 945 2711 evitandis
971 2646 1128 2710 insereret
1154 2666 1272 2710 eornm:
1299 2652 1331 2709 in

164 2764 268 2806 eornm
292 2749 441 2808 evitandis
464 2751 610 2822 consiliis,
633 2752 688 2822 qni
708 2766 734 2811 e.
754 2767 782 2828 q.
802 2767 826 2810 s.

608 2969 639 3024 Ξ.
671 2968 719 3022 De
743 2966 887 3022 casibus.

567 3105 594 3146 a.
627 3082 670 3145 de
694 3081 926 3147 accusation

250 3206 370 3292 FIguru
394 3206 608 3290 etymologica
634 3227 730 3288 quam
754 3205 863 3270 dicunt
886 3206 988 3270 utItur
1011 3203 1140 3270 Caelius
1164 3202 1242 3268 VIII
1262 3205 1328 3288 2‚1

161 3316 195 3369 vt
217 3327 303 3369 sunm
324 3311 474 3384 pvvdv'vnv
490 3311 695 3384 panderemus
719 3323 899 3368 sermonem
922 3303 1114 3368 familiarem
1138 3306 1276 3384 secutus
1299 3302 1331 3364 in

163 3424 226 3486 quo
245 3402 349 3485 ipsam
367 3403 450 3466 hane
469 3402 664 3466 locutionem
684 3401 933 3465 usitatissimam
952 3400 1051 3464 fuisse
1070 3399 1121 3463 his
1140 3399 1228 3483 locis
1252 3421 1331 3482 quos

165 3499 349 3582 suppeditat
375 3499 588 3584 Landgrafius
617 3500 666 3564 ‘de
690 3501 744 3585 fig.
769 3499 900 3583 etymol.
923 3499 1000 3584 ling.
1024 3497 1091 3562 lat.’
1115 3499 1149 3560 in
1173 3501 1232 3562 act.
1256 3520 1332 3561 sem.

163 3597 298 3680 Erleng.
318 3596 350 3661 H
368 3617 398 3679 p.
418 3597 470 3679 20,
493 3597 640 3662 efficitur:
659 3597 737 3686 ¹Ter.
756 3597 855 3662 Andr.
874 3598 940 3661 964
960 3602 1079 3677 pvndin
1095 3600 1235 3674 pendere
1257 3616 1332 3678 nteit,

164 3692 281 3757 Catull.
301 3691 375 3756 LXI
397 3693 459 3780 113
488 3704 603 3771 qvantv
628 3701 758 3774 vendin,
787 3717 866 3774 qnve
893 3717 972 3775 vvpv
1000 3703 1099 3772 nocte,
1130 3713 1209 3771 qvae
1236 3700 1332 3756 medio

164 3797 214 3853 die
226 3788 468 3869 pendent,'Gell.
485 3789 531 3854 IX
546 3791 574 3874 9,
593 3791 632 3855 15
652 3799 734 3871 qnod
752 3797 914 3857 Homerica
933 3800 1053 3873 quiden
1069 3786 1167 3873 Λητώ
1184 3796 1332 3868 pendium

160 3893 300 3974 pendent
316 3895 481 3967 venvinnvn
500 3900 530 3953 et
548 3896 691 3968 intimum,
712 3891 808 3955 Andr.
827 3893 930 3975 presb.
950 3889 1097 3975 Bergam.
1119 3885 1175 3973 (=
1191 3885 1332 3954 Monum.

162 3985 269 4051 Germ.
293 3985 368 4048 hist.
392 3990 469 4049 torn.
488 3985 518 4047 V
537 4010 567 4069 p.
586 3987 666 4074 236)
693 3989 735 4052 14
763 3997 929 4069 imperator
962 4009 1104 4067 mvpnnvn
1136 3993 1261 4064 pevisvs
1289 4001 1332 4054 est

236 4175 260 4236 1)
281 4171 320 4222 sic
335 4170 420 4235 recte,
440 4170 473 4221 ut
487 4167 593 4236 opinor,
612 4170 682 4224 hacc
696 4171 782 4225 verba
797 4171 882 4224 scribi
896 4170 976 4223 iubet
990 4166 1208 4235 Wesenbergius
1224 4171 1332 4225 emend.

163 4267 189 4316 p.
205 4257 247 4316 99,
266 4266 329 4304 cum
348 4247 421 4302 Med.
437 4247 574 4316 praebeat
592 4250 632 4304 M.
650 4251 780 4306 Octavius
798 4269 890 4305 eornm
909 4251 974 4304 odia
993 4294 999 4305 .
1016 4296 1021 4306 .
1038 4290 1064 4304 ..
1083 4248 1219 4313 sublevem
1237 4249 1268 4300 at
1287 4249 1332 4302 de-

164 4328 254 4382 fendit
276 4328 382 4382 codicis
402 4327 553 4382 lectionem
572 4329 748 4384 Lehmanuus
770 4331 894 4395 ‘Quaest
913 4330 984 4384 Tull.
1005 4331 1039 4396 1’,
1058 4325 1234 4396 Lips-Prag.
1256 4334 1332 4396 1880,

163 4427 190 4477 p.
210 4413 243 4460 36
258 4425 278 4461 s.

1083 4496 1120 4550 2*
