<?xml version="1.0" encoding="UTF-8"?>
<!DOCTYPE html PUBLIC "-//W3C//DTD XHTML 1.0 Transitional//EN"
    "http://www.w3.org/TR/xhtml1/DTD/xhtml1-transitional.dtd">
<html xmlns="http://www.w3.org/1999/xhtml" xml:lang="en" lang="en">
 <head>
  <title>
</title>
<meta http-equiv="Content-Type" content="text/html;charset=utf-8" />
  <meta name='ocr-system' content='tesseract 3.04.00' />
  <meta name='ocr-capabilities' content='ocr_page ocr_carea ocr_par ocr_line ocrx_word'/>
</head>
<body>
  <div class='ocr_page' id='page_1' title='image "./demcaeliirufige00burggoog_0074.png"; bbox 0 0 3192 5024; ppageno 0'>
   <div class='ocr_carea' id='block_1_1' title="bbox 614 357 908 420">
    <p class='ocr_par' dir='ltr' id='par_1_1' title="bbox 614 357 908 420">
     <span class='ocr_line' id='line_1_1' title="bbox 614 357 908 420; baseline 0.007 -4"><span class='ocrx_word' id='word_1_1' title='bbox 614 357 908 420; x_wconf 79' lang='lat'><strong>.·-69-</strong></span> 
     </span>
    </p>
   </div>
   <div class='ocr_carea' id='block_1_2' title="bbox 134 515 1428 3058">
    <p class='ocr_par' dir='ltr' id='par_1_2' title="bbox 214 515 1381 636">
     <span class='ocr_line' id='line_1_2' title="bbox 214 515 1381 636; baseline 0 -56"><span class='ocrx_word' id='word_1_2' title='bbox 214 515 269 602; x_wconf 91' lang='lat' dir='ltr'><strong>(ad</strong></span> <span class='ocrx_word' id='word_1_3' title='bbox 284 517 398 581; x_wconf 86' lang='lat' dir='ltr'>Pseud</span> <span class='ocrx_word' id='word_1_4' title='bbox 417 516 497 603; x_wconf 80' lang='grc'>967)</span> <span class='ocrx_word' id='word_1_5' title='bbox 516 518 679 602; x_wconf 80' lang='lat' dir='ltr'><strong>congessit</strong></span> <span class='ocrx_word' id='word_1_6' title='bbox 665 518 736 582; x_wconf 93' lang='lat' dir='ltr'><strong>t.A</strong></span> <span class='ocrx_word' id='word_1_7' title='bbox 756 516 813 581; x_wconf 91' lang='lat' dir='ltr'><strong>Ott</strong></span> <span class='ocrx_word' id='word_1_8' title='bbox 784 517 886 582; x_wconf 90' lang='lat' dir='ltr'><strong>ttoin</strong></span> <span class='ocrx_word' id='word_1_9' title='bbox 902 517 1081 636; x_wconf 85' lang='lat' dir='ltr'><strong>Woelfflini</strong></span> <span class='ocrx_word' id='word_1_10' title='bbox 1100 518 1210 583; x_wconf 91' lang='lat' dir='ltr'><strong>archio</strong></span> <span class='ocrx_word' id='word_1_11' title='bbox 1229 517 1381 602; x_wconf 86' lang='lat' dir='ltr'><strong>lexicogr.</strong></span> 
     </span>
    </p>

    <p class='ocr_par' dir='ltr' id='par_1_3' title="bbox 210 667 1380 1192">
     <span class='ocr_line' id='line_1_3' title="bbox 300 667 1380 798; baseline 0.001 -21"><span class='ocrx_word' id='word_1_12' title='bbox 300 667 502 796; x_wconf 82' lang='lat' dir='ltr'><strong>imprecandi</strong></span> <span class='ocrx_word' id='word_1_13' title='bbox 524 714 665 778; x_wconf 85' lang='lat' dir='ltr'><strong>formula</strong></span> <span class='ocrx_word' id='word_1_14' title='bbox 693 713 1184 798; x_wconf 80' lang='lat' dir='ltr'><strong>est,VIH14quodittorum</strong></span> <span class='ocrx_word' id='word_1_15' title='bbox 1212 721 1380 798; x_wconf 85' lang='lat' dir='ltr'><strong>eupitisit3</strong></span> 
     </span>
     <span class='ocr_line' id='line_1_4' title="bbox 211 765 1380 975; baseline -0.001 -99"><span class='ocrx_word' id='word_1_16' title='bbox 211 813 266 876; x_wconf 88' lang='lat' dir='ltr'><strong>cfr.</strong></span> <span class='ocrx_word' id='word_1_17' title='bbox 286 809 498 896; x_wconf 84' lang='lat' dir='ltr'><strong>Landgratius</strong></span> <span class='ocrx_word' id='word_1_18' title='bbox 519 813 625 877; x_wconf 90' lang='lat' dir='ltr'><strong>annal.</strong></span> <span class='ocrx_word' id='word_1_19' title='bbox 645 834 790 897; x_wconf 85' lang='lat' dir='ltr'><strong>gymnas.</strong></span> <span class='ocrx_word' id='word_1_20' title='bbox 806 811 883 878; x_wconf 81' lang='lat' dir='ltr'><strong>Bau.</strong></span> <span class='ocrx_word' id='word_1_21' title='bbox 882 765 1025 975; x_wconf 39' lang='lat' dir='ltr'><strong>,lXle</strong></span> <span class='ocrx_word' id='word_1_22' title='bbox 1041 812 1114 877; x_wconf 79' lang='lat'><strong>329.</strong></span> <span class='ocrx_word' id='word_1_23' title='bbox 1152 811 1264 876; x_wconf 89' lang='lat' dir='ltr'><strong>eodem</strong></span> <span class='ocrx_word' id='word_1_24' title='bbox 1284 765 1380 876; x_wconf 84' lang='lat' dir='ltr'><strong>modd</strong></span> 
     </span>
     <span class='ocr_line' id='line_1_5' title="bbox 211 907 1379 996; baseline 0 -22"><span class='ocrx_word' id='word_1_25' title='bbox 211 911 310 974; x_wconf 92' lang='lat' dir='ltr'><strong>locuti</strong></span> <span class='ocrx_word' id='word_1_26' title='bbox 283 914 409 974; x_wconf 84' lang='lat' dir='ltr'><strong>tisun</strong></span> <span class='ocrx_word' id='word_1_27' title='bbox 395 911 580 974; x_wconf 83' lang='lat' dir='ltr'><strong>tTibullus</strong></span> <span class='ocrx_word' id='word_1_28' title='bbox 599 909 663 993; x_wconf 81' lang='lat'><strong>12,</strong></span> <span class='ocrx_word' id='word_1_29' title='bbox 683 911 724 974; x_wconf 79' lang='lat'><strong>12</strong></span> <span class='ocrx_word' id='word_1_30' title='bbox 748 916 881 990; x_wconf 85' lang='lat' dir='ltr'><strong>cupitis</strong></span> <span class='ocrx_word' id='word_1_31' title='bbox 893 921 1106 996; x_wconf 83' lang='lat' dir='ltr'><strong>ut„epreeor</strong></span> <span class='ocrx_word' id='word_1_32' title='bbox 1096 918 1245 995; x_wconf 86' lang='lat' dir='ltr'><strong>ilt,cmeo</strong></span> <span class='ocrx_word' id='word_1_33' title='bbox 1267 907 1379 974; x_wconf 83' lang='lat' dir='ltr'><strong>Cicero</strong></span> 
     </span>
     <span class='ocr_line' id='line_1_6' title="bbox 211 933 1378 1092; baseline 0 -19"><span class='ocrx_word' id='word_1_34' title='bbox 211 1007 536 1092; x_wconf 68' lang='lat' dir='ltr'><strong>uelutillut</strong></span> <span class='ocrx_word' id='word_1_35' title='bbox 566 1016 629 1074; x_wconf 86' lang='lat' dir='ltr'><strong>mut</strong></span> <span class='ocrx_word' id='word_1_36' title='bbox 627 1019 659 1072; x_wconf 87' lang='lat' dir='ltr'><strong>tu</strong></span> <span class='ocrx_word' id='word_1_37' title='bbox 687 1009 768 1072; x_wconf 79' lang='lat' dir='ltr'><strong>mita</strong></span> <span class='ocrx_word' id='word_1_38' title='bbox 792 1029 859 1071; x_wconf 88' lang='lat' dir='ltr'><strong>eum</strong></span> <span class='ocrx_word' id='word_1_39' title='bbox 882 933 998 1073; x_wconf 70' lang='lat' dir='ltr'><strong>liiiisse</strong></span> <span class='ocrx_word' id='word_1_40' title='bbox 1019 1030 1074 1073; x_wconf 83' lang='lat' dir='ltr'><strong>suo</strong></span> <span class='ocrx_word' id='word_1_41' title='bbox 1097 1015 1204 1089; x_wconf 79' lang='lat' dir='ltr'><strong>cupiti,</strong></span> <span class='ocrx_word' id='word_1_42' title='bbox 1227 1019 1261 1072; x_wconf 91' lang='lat' dir='ltr'><strong>ut</strong></span> <span class='ocrx_word' id='word_1_43' title='bbox 1284 1015 1378 1088; x_wconf 80' lang='lat' dir='ltr'><strong>aiunt,</strong></span> 
     </span>
     <span class='ocr_line' id='line_1_7' title="bbox 210 1105 1377 1236; baseline 0 -65"><span class='ocrx_word' id='word_1_44' title='bbox 210 1131 304 1192; x_wconf 89' lang='lat' dir='ltr'><strong>saepe</strong></span> <span class='ocrx_word' id='word_1_45' title='bbox 328 1107 398 1190; x_wconf 84' lang='lat' dir='ltr'><strong>alli,</strong></span> <span class='ocrx_word' id='word_1_46' title='bbox 421 1129 460 1172; x_wconf 84' lang='lat' dir='ltr'><strong>ex</strong></span> <span class='ocrx_word' id='word_1_47' title='bbox 484 1108 601 1190; x_wconf 90' lang='lat' dir='ltr'><strong>quibus</strong></span> <span class='ocrx_word' id='word_1_48' title='bbox 627 1109 752 1191; x_wconf 80' lang='lat' dir='ltr'>aliquot</span> <span class='ocrx_word' id='word_1_49' title='bbox 775 1107 923 1190; x_wconf 83' lang='lat' dir='ltr'><strong>exempla</strong></span> <span class='ocrx_word' id='word_1_50' title='bbox 947 1106 1119 1236; x_wconf 75' lang='lat' dir='ltr'><strong>exscripsit</strong></span> <span class='ocrx_word' id='word_1_51' title='bbox 1142 1105 1292 1190; x_wconf 87' lang='lat' dir='ltr'><strong>Meyerus</strong></span> <span class='ocrx_word' id='word_1_52' title='bbox 1315 1108 1335 1172; x_wconf 97' lang='lat' dir='ltr'><strong>l</strong></span> <span class='ocrx_word' id='word_1_53' title='bbox 1359 1109 1377 1171; x_wconf 92' lang='lat' dir='ltr'><strong>l.</strong></span> 
     </span>
    </p>

    <p class='ocr_par' dir='ltr' id='par_1_4' title="bbox 134 1257 1379 1583">
     <span class='ocr_line' id='line_1_8' title="bbox 231 1257 1379 1388; baseline 0.002 -22.126"><span class='ocrx_word' id='word_1_54' title='bbox 231 1257 529 1387; x_wconf 36' lang='lat' dir='ltr'><strong>&#39;Adguominat&#39;</strong></span> <span class='ocrx_word' id='word_1_55' title='bbox 521 1325 631 1366; x_wconf 84' lang='lat' dir='ltr'><strong>ionum</strong></span> <span class='ocrx_word' id='word_1_56' title='bbox 654 1325 794 1388; x_wconf 91' lang='lat' dir='ltr'><strong>quoque,</strong></span> <span class='ocrx_word' id='word_1_57' title='bbox 824 1324 904 1386; x_wconf 89' lang='lat' dir='ltr'><strong>quae</strong></span> <span class='ocrx_word' id='word_1_58' title='bbox 929 1304 1050 1386; x_wconf 85' lang='lat' dir='ltr'><strong>quanto</strong></span> <span class='ocrx_word' id='word_1_59' title='bbox 1080 1323 1175 1385; x_wconf 88' lang='lat' dir='ltr'><strong>opere</strong></span> <span class='ocrx_word' id='word_1_60' title='bbox 1198 1303 1379 1386; x_wconf 74' lang='lat' dir='ltr'><strong>placuerint</strong></span> 
     </span>
     <span class='ocr_line' id='line_1_9' title="bbox 207 1399 1377 1488; baseline 0.002 -23"><span class='ocrx_word' id='word_1_61' title='bbox 207 1401 438 1465; x_wconf 86' lang='lat' dir='ltr'><strong>Romanist</strong></span> <span class='ocrx_word' id='word_1_62' title='bbox 387 1405 438 1465; x_wconf 86' lang='lat' dir='ltr'><strong>sat</strong></span> <span class='ocrx_word' id='word_1_63' title='bbox 461 1405 576 1466; x_wconf 90' lang='lat' dir='ltr'><strong>notum</strong></span> <span class='ocrx_word' id='word_1_64' title='bbox 599 1405 649 1464; x_wconf 89' lang='lat' dir='ltr'><strong>est</strong></span> <span class='ocrx_word' id='word_1_65' title='bbox 673 1399 742 1486; x_wconf 85' lang='lat' dir='ltr'><strong>(cfr.</strong></span> <span class='ocrx_word' id='word_1_66' title='bbox 762 1401 960 1467; x_wconf 84' lang='lat' dir='ltr'><strong>Schmalzius</strong></span> <span class='ocrx_word' id='word_1_67' title='bbox 984 1421 1091 1485; x_wconf 86' lang='lat' dir='ltr'>progr.</span> <span class='ocrx_word' id='word_1_68' title='bbox 1109 1399 1239 1467; x_wconf 86' lang='lat' dir='ltr'><strong>Mannh.</strong></span> <span class='ocrx_word' id='word_1_69' title='bbox 1259 1425 1289 1486; x_wconf 91' lang='lat' dir='ltr'><strong>p.</strong></span> <span class='ocrx_word' id='word_1_70' title='bbox 1310 1399 1377 1488; x_wconf 88' lang='grc'><strong>30),</strong></span> 
     </span>
     <span class='ocr_line' id='line_1_10' title="bbox 134 1492 784 1583; baseline 0.005 -21"><span class='ocrx_word' id='word_1_71' title='bbox 134 1492 136 1495; x_wconf 46' lang='grc'><strong>”</strong></span> <span class='ocrx_word' id='word_1_72' title='bbox 208 1501 355 1583; x_wconf 86' lang='lat' dir='ltr'><strong>exempla</strong></span> <span class='ocrx_word' id='word_1_73' title='bbox 379 1500 503 1582; x_wconf 90' lang='lat' dir='ltr'><strong>aliquot</strong></span> <span class='ocrx_word' id='word_1_74' title='bbox 524 1498 623 1562; x_wconf 90' lang='lat' dir='ltr'><strong>habet</strong></span> <span class='ocrx_word' id='word_1_75' title='bbox 646 1498 784 1565; x_wconf 81' lang='lat' dir='ltr'><strong>Caelius</strong></span> 
     </span>
    </p>

    <p class='ocr_par' dir='ltr' id='par_1_5' title="bbox 201 1596 1428 2170">
     <span class='ocr_line' id='line_1_11' title="bbox 293 1596 1376 1679; baseline -0.001 -18"><span class='ocrx_word' id='word_1_76' title='bbox 293 1597 389 1662; x_wconf 82' lang='lat' dir='ltr'>Haud</span> <span class='ocrx_word' id='word_1_77' title='bbox 418 1597 556 1662; x_wconf 79' lang='lat' dir='ltr'><strong>infacete</strong></span> <span class='ocrx_word' id='word_1_78' title='bbox 585 1597 756 1662; x_wconf 86' lang='lat' dir='ltr'><strong>verborum</strong></span> <span class='ocrx_word' id='word_1_79' title='bbox 788 1605 916 1679; x_wconf 83' lang='lat' dir='ltr'><strong>optimus</strong></span> <span class='ocrx_word' id='word_1_80' title='bbox 949 1602 981 1661; x_wconf 87' lang='lat' dir='ltr'><strong>et</strong></span> <span class='ocrx_word' id='word_1_81' title='bbox 1009 1604 1137 1678; x_wconf 84' lang='lat' dir='ltr'><strong>optimus</strong></span> <span class='ocrx_word' id='word_1_82' title='bbox 1168 1596 1376 1662; x_wconf 86' lang='lat' dir='ltr'><strong>similitudine</strong></span> 
     </span>
     <span class='ocr_line' id='line_1_12' title="bbox 204 1694 1376 1780; baseline -0.001 -19"><span class='ocrx_word' id='word_1_83' title='bbox 204 1697 286 1761; x_wconf 90' lang='lat' dir='ltr'><strong>ludit</strong></span> <span class='ocrx_word' id='word_1_84' title='bbox 308 1694 389 1763; x_wconf 85' lang='lat' dir='ltr'>VIII</span> <span class='ocrx_word' id='word_1_85' title='bbox 411 1698 461 1780; x_wconf 89' lang='grc'><strong>16,</strong></span> <span class='ocrx_word' id='word_1_86' title='bbox 480 1697 501 1760; x_wconf 81' lang='grc'>2</span> <span class='ocrx_word' id='word_1_87' title='bbox 524 1703 592 1760; x_wconf 84' lang='lat' dir='ltr'><strong>uide</strong></span> <span class='ocrx_word' id='word_1_88' title='bbox 615 1719 661 1774; x_wconf 89' lang='lat' dir='ltr'><strong>ue,</strong></span> <span class='ocrx_word' id='word_1_89' title='bbox 685 1702 756 1761; x_wconf 80' lang='lat' dir='ltr'><strong>dum</strong></span> <span class='ocrx_word' id='word_1_90' title='bbox 776 1705 872 1778; x_wconf 84' lang='lat' dir='ltr'><strong>pudet</strong></span> <span class='ocrx_word' id='word_1_91' title='bbox 895 1708 923 1760; x_wconf 91' lang='lat' dir='ltr'><strong>te</strong></span> <span class='ocrx_word' id='word_1_92' title='bbox 943 1717 1056 1777; x_wconf 87' lang='lat' dir='ltr'><strong>purum</strong></span> <span class='ocrx_word' id='word_1_93' title='bbox 1074 1703 1281 1776; x_wconf 80' lang='lat' dir='ltr'><strong>optimatem</strong></span> <span class='ocrx_word' id='word_1_94' title='bbox 1304 1719 1376 1776; x_wconf 84' lang='lat' dir='ltr'><strong>esse,</strong></span> 
     </span>
     <span class='ocr_line' id='line_1_13' title="bbox 201 1793 1376 1877; baseline -0.002 -18"><span class='ocrx_word' id='word_1_95' title='bbox 201 1817 313 1876; x_wconf 84' lang='lat' dir='ltr'><strong>purum</strong></span> <span class='ocrx_word' id='word_1_96' title='bbox 342 1801 503 1873; x_wconf 73' lang='lat' dir='ltr'><strong>ditiqeuter</strong></span> <span class='ocrx_word' id='word_1_97' title='bbox 530 1801 613 1872; x_wconf 82' lang='lat' dir='ltr'><strong>quod</strong></span> <span class='ocrx_word' id='word_1_98' title='bbox 638 1801 805 1874; x_wconf 85' lang='lat' dir='ltr'><strong>optimum</strong></span> <span class='ocrx_word' id='word_1_99' title='bbox 833 1801 873 1858; x_wconf 87' lang='lat' dir='ltr'><strong>sit</strong></span> <span class='ocrx_word' id='word_1_100' title='bbox 901 1801 1007 1872; x_wconf 67' lang='lat' dir='ltr'><strong>elices,</strong></span> <span class='ocrx_word' id='word_1_101' title='bbox 1039 1793 1090 1856; x_wconf 91' lang='lat' dir='ltr'><strong>cui</strong></span> <span class='ocrx_word' id='word_1_102' title='bbox 1123 1796 1296 1877; x_wconf 86' lang='lat' dir='ltr'><strong>cognatum</strong></span> <span class='ocrx_word' id='word_1_103' title='bbox 1328 1802 1376 1858; x_wconf 90' lang='lat' dir='ltr'><strong>est</strong></span> 
     </span>
     <span class='ocr_line' id='line_1_14' title="bbox 204 1885 1428 1975; baseline -0.007 -17"><span class='ocrx_word' id='word_1_104' title='bbox 204 1891 368 1958; x_wconf 70' lang='lat' dir='ltr'><strong>Ciceronis</strong></span> <span class='ocrx_word' id='word_1_105' title='bbox 395 1891 475 1956; x_wconf 93' lang='lat' dir='ltr'><strong>illud</strong></span> <span class='ocrx_word' id='word_1_106' title='bbox 505 1893 543 1956; x_wconf 89' lang='lat' dir='ltr'><strong>de</strong></span> <span class='ocrx_word' id='word_1_107' title='bbox 567 1914 601 1956; x_wconf 90' lang='lat' dir='ltr'><strong>re</strong></span> <span class='ocrx_word' id='word_1_108' title='bbox 624 1914 655 1975; x_wconf 91' lang='lat' dir='ltr'><strong>p.</strong></span> <span class='ocrx_word' id='word_1_109' title='bbox 678 1892 694 1956; x_wconf 93' lang='lat' dir='ltr'>I</span> <span class='ocrx_word' id='word_1_110' title='bbox 717 1891 760 1956; x_wconf 88' lang='lat'><strong>50</strong></span> <span class='ocrx_word' id='word_1_111' title='bbox 789 1896 984 1972; x_wconf 74' lang='lat' dir='ltr'><strong>optim-uter</strong></span> <span class='ocrx_word' id='word_1_112' title='bbox 1011 1898 1078 1969; x_wconf 79' lang='lat' dir='ltr'><strong>quis</strong></span> <span class='ocrx_word' id='word_1_113' title='bbox 1109 1885 1290 1974; x_wconf 80' lang='lat' dir='ltr'><strong>serut,·qui</strong></span> <span class='ocrx_word' id='word_1_114' title='bbox 1315 1914 1375 1956; x_wconf 83' lang='lat' dir='ltr'><strong>nou</strong></span> <span class='ocrx_word' id='word_1_115' title='bbox 1426 1945 1428 1949; x_wconf 87' lang='lat'><strong>.</strong></span> 
     </span>
     <span class='ocr_line' id='line_1_15' title="bbox 202 1995 1375 2072; baseline -0.008 -16"><span class='ocrx_word' id='word_1_116' title='bbox 202 1999 309 2072; x_wconf 83' lang='lat' dir='ltr'><strong>popuii</strong></span> <span class='ocrx_word' id='word_1_117' title='bbox 327 2013 471 2056; x_wconf 81' lang='lat' dir='ltr'><strong>concessu</strong></span> <span class='ocrx_word' id='word_1_118' title='bbox 569 1996 704 2055; x_wconf 76' lang='lat' dir='ltr'><strong>mosim·</strong></span> <span class='ocrx_word' id='word_1_119' title='bbox 725 2011 832 2055; x_wconf 83' lang='lat' dir='ltr'><strong>uomere</strong></span> <span class='ocrx_word' id='word_1_120' title='bbox 856 1995 1104 2067; x_wconf 71' lang='lat' dir='ltr'><strong>udroyuueruut?</strong></span> <span class='ocrx_word' id='word_1_121' title='bbox 1127 1996 1181 2066; x_wconf 82' lang='lat' dir='ltr'><strong>qui</strong></span> <span class='ocrx_word' id='word_1_122' title='bbox 1198 1997 1277 2054; x_wconf 87' lang='lat' dir='ltr'><strong>euim</strong></span> <span class='ocrx_word' id='word_1_123' title='bbox 1295 1996 1375 2054; x_wconf 83' lang='lat' dir='ltr'><strong>iudi.</strong></span> 
     </span>
     <span class='ocr_line' id='line_1_16' title="bbox 204 2096 568 2170; baseline -0.005 -16"><span class='ocrx_word' id='word_1_124' title='bbox 204 2102 294 2154; x_wconf 84' lang='lat' dir='ltr'><strong>cetur</strong></span> <span class='ocrx_word' id='word_1_125' title='bbox 319 2097 373 2154; x_wconf 89' lang='lat' dir='ltr'><strong>iste</strong></span> <span class='ocrx_word' id='word_1_126' title='bbox 393 2096 568 2170; x_wconf 83' lang='lat' dir='ltr'><strong>optimus?</strong></span> 
     </span>
    </p>

    <p class='ocr_par' dir='ltr' id='par_1_6' title="bbox 199 2184 1374 2957">
     <span class='ocr_line' id='line_1_17' title="bbox 291 2184 1374 2272; baseline -0.001 -21"><span class='ocrx_word' id='word_1_127' title='bbox 291 2187 450 2251; x_wconf 91' lang='lat' dir='ltr'><strong>Vocabuli</strong></span> <span class='ocrx_word' id='word_1_128' title='bbox 481 2209 571 2264; x_wconf 80' lang='lat' dir='ltr'><strong>eques</strong></span> <span class='ocrx_word' id='word_1_129' title='bbox 608 2185 821 2270; x_wconf 81' lang='lat' dir='ltr'><strong>ambiguitate</strong></span> <span class='ocrx_word' id='word_1_130' title='bbox 859 2186 998 2270; x_wconf 87' lang='lat' dir='ltr'><strong>iocatur,</strong></span> <span class='ocrx_word' id='word_1_131' title='bbox 1035 2185 1096 2248; x_wconf 91' lang='lat' dir='ltr'><strong>etsi</strong></span> <span class='ocrx_word' id='word_1_132' title='bbox 1135 2184 1215 2249; x_wconf 87' lang='lat' dir='ltr'><strong>satis</strong></span> <span class='ocrx_word' id='word_1_133' title='bbox 1248 2187 1374 2272; x_wconf 87' lang='lat' dir='ltr'><strong>frigide,</strong></span> 
     </span>
     <span class='ocr_line' id='line_1_18' title="bbox 204 2280 1373 2370; baseline 0.003 -23"><span class='ocrx_word' id='word_1_134' title='bbox 204 2285 283 2348; x_wconf 88' lang='lat' dir='ltr'>VIII</span> <span class='ocrx_word' id='word_1_135' title='bbox 306 2284 373 2366; x_wconf 89' lang='grc'><strong>1,4</strong></span> <span class='ocrx_word' id='word_1_136' title='bbox 396 2291 474 2348; x_wconf 85' lang='lat' dir='ltr'><strong>atius</strong></span> <span class='ocrx_word' id='word_1_137' title='bbox 498 2280 555 2369; x_wconf 89' lang='lat' dir='ltr'><strong>(sc.</strong></span> <span class='ocrx_word' id='word_1_138' title='bbox 579 2283 672 2368; x_wconf 78' lang='lat' dir='ltr'><strong>dicii)</strong></span> <span class='ocrx_word' id='word_1_139' title='bbox 696 2290 824 2361; x_wconf 82' lang='lat' dir='ltr'><strong>equitem</strong></span> <span class='ocrx_word' id='word_1_140' title='bbox 843 2290 1016 2363; x_wconf 79' lang='lat' dir='ltr'><strong>perdidisse</strong></span> <span class='ocrx_word' id='word_1_141' title='bbox 1041 2280 1257 2370; x_wconf 77' lang='lat' dir='ltr'><strong>(Caesarem),</strong></span> <span class='ocrx_word' id='word_1_142' title='bbox 1284 2292 1373 2364; x_wconf 78' lang='lat' dir='ltr'><strong>quod,</strong></span> 
     </span>
     <span class='ocr_line' id='line_1_19' title="bbox 202 2380 1373 2464; baseline 0 -18"><span class='ocrx_word' id='word_1_143' title='bbox 202 2390 324 2462; x_wconf 81' lang='lat' dir='ltr'><strong>opinor,</strong></span> <span class='ocrx_word' id='word_1_144' title='bbox 346 2393 431 2446; x_wconf 84' lang='lat' dir='ltr'><strong>certe</strong></span> <span class='ocrx_word' id='word_1_145' title='bbox 450 2383 569 2460; x_wconf 82' lang='lat' dir='ltr'><strong>suctum</strong></span> <span class='ocrx_word' id='word_1_146' title='bbox 592 2392 649 2464; x_wconf 73' lang='lat' dir='ltr'><strong>est,</strong></span> <span class='ocrx_word' id='word_1_147' title='bbox 671 2403 748 2446; x_wconf 88' lang='lat' dir='ltr'><strong>nam</strong></span> <span class='ocrx_word' id='word_1_148' title='bbox 770 2387 912 2464; x_wconf 78' lang='lat' dir='ltr'><strong>equitem,</strong></span> <span class='ocrx_word' id='word_1_149' title='bbox 941 2403 1014 2446; x_wconf 90' lang='lat' dir='ltr'><strong>cum</strong></span> <span class='ocrx_word' id='word_1_150' title='bbox 1044 2381 1078 2444; x_wconf 92' lang='lat' dir='ltr'><strong>in</strong></span> <span class='ocrx_word' id='word_1_151' title='bbox 1102 2380 1163 2446; x_wconf 91' lang='lat' dir='ltr'><strong>hac</strong></span> <span class='ocrx_word' id='word_1_152' title='bbox 1186 2383 1373 2448; x_wconf 86' lang='lat' dir='ltr'><strong>narratione</strong></span> 
     </span>
     <span class='ocr_line' id='line_1_20' title="bbox 203 2474 1372 2565; baseline 0.002 -21"><span class='ocrx_word' id='word_1_153' title='bbox 203 2480 362 2564; x_wconf 84' lang='lat' dir='ltr'><strong>algnificet</strong></span> <span class='ocrx_word' id='word_1_154' title='bbox 391 2477 584 2561; x_wconf 82' lang='lat' dir='ltr'><strong>‘equitatum</strong></span> <span class='ocrx_word' id='word_1_155' title='bbox 595 2474 614 2561; x_wconf 91' lang='lat'><strong>’,</strong></span> <span class='ocrx_word' id='word_1_156' title='bbox 640 2478 734 2541; x_wconf 92' lang='lat' dir='ltr'><strong>simul</strong></span> <span class='ocrx_word' id='word_1_157' title='bbox 758 2479 887 2563; x_wconf 89' lang='lat' dir='ltr'><strong>proprie</strong></span> <span class='ocrx_word' id='word_1_158' title='bbox 917 2478 955 2542; x_wconf 94' lang='lat' dir='ltr'><strong>de</strong></span> <span class='ocrx_word' id='word_1_159' title='bbox 983 2500 1047 2543; x_wconf 89' lang='lat' dir='ltr'><strong>uno</strong></span> <span class='ocrx_word' id='word_1_160' title='bbox 1076 2478 1183 2562; x_wconf 89' lang='lat' dir='ltr'><strong>equite</strong></span> <span class='ocrx_word' id='word_1_161' title='bbox 1212 2482 1372 2565; x_wconf 89' lang='lat' dir='ltr'><strong>accipiens</strong></span> 
     </span>
     <span class='ocr_line' id='line_1_21' title="bbox 202 2571 1372 2666; baseline 0.003 -25"><span class='ocrx_word' id='word_1_162' title='bbox 202 2575 329 2644; x_wconf 77' lang='lat' dir='ltr'><strong>(laelius</strong></span> <span class='ocrx_word' id='word_1_163' title='bbox 352 2577 413 2643; x_wconf 94' lang='lat' dir='ltr'><strong>hoc</strong></span> <span class='ocrx_word' id='word_1_164' title='bbox 433 2576 521 2640; x_wconf 85' lang='lat' dir='ltr'><strong>dicit:</strong></span> <span class='ocrx_word' id='word_1_165' title='bbox 546 2571 737 2660; x_wconf 75' lang='lat' dir='ltr'><strong>‘equitatum</strong></span> <span class='ocrx_word' id='word_1_166' title='bbox 757 2575 876 2641; x_wconf 78' lang='lat' dir='ltr'><strong>Caesar</strong></span> <span class='ocrx_word' id='word_1_167' title='bbox 894 2599 972 2640; x_wconf 91' lang='lat' dir='ltr'><strong>num</strong></span> <span class='ocrx_word' id='word_1_168' title='bbox 990 2574 1174 2662; x_wconf 82' lang='lat' dir='ltr'><strong>perdiderit,</strong></span> <span class='ocrx_word' id='word_1_169' title='bbox 1197 2578 1372 2666; x_wconf 68' lang='lat' dir='ltr'><strong>incertum,</strong></span> 
     </span>
     <span class='ocr_line' id='line_1_22' title="bbox 200 2673 1370 2762; baseline 0.002 -22"><span class='ocrx_word' id='word_1_170' title='bbox 200 2676 261 2742; x_wconf 92' lang='lat' dir='ltr'><strong>hoc</strong></span> <span class='ocrx_word' id='word_1_171' title='bbox 281 2697 355 2741; x_wconf 83' lang='lat' dir='ltr'><strong>vero</strong></span> <span class='ocrx_word' id='word_1_172' title='bbox 380 2677 470 2738; x_wconf 86' lang='lat' dir='ltr'><strong>certe·</strong></span> <span class='ocrx_word' id='word_1_173' title='bbox 489 2674 607 2738; x_wconf 86' lang='lat' dir='ltr'><strong>factum</strong></span> <span class='ocrx_word' id='word_1_174' title='bbox 625 2677 714 2758; x_wconf 89' lang='lat' dir='ltr'><strong>puto,</strong></span> <span class='ocrx_word' id='word_1_175' title='bbox 734 2678 770 2737; x_wconf 94' lang='lat' dir='ltr'><strong>ut</strong></span> <span class='ocrx_word' id='word_1_176' title='bbox 791 2675 967 2758; x_wconf 89' lang='lat' dir='ltr'><strong>perdiderit</strong></span> <span class='ocrx_word' id='word_1_177' title='bbox 991 2673 1170 2762; x_wconf 85' lang='lat' dir='ltr'><strong>equitem.¹)</strong></span> <span class='ocrx_word' id='word_1_178' title='bbox 1209 2676 1246 2741; x_wconf 90' lang='lat' dir='ltr'><strong>de</strong></span> <span class='ocrx_word' id='word_1_179' title='bbox 1271 2678 1370 2742; x_wconf 85' lang='lat' dir='ltr'><strong>simili</strong></span> 
     </span>
     <span class='ocr_line' id='line_1_23' title="bbox 199 2769 1367 2862; baseline 0.002 -24"><span class='ocrx_word' id='word_1_180' title='bbox 199 2774 326 2840; x_wconf 84' lang='lat' dir='ltr'><strong>iocandi</strong></span> <span class='ocrx_word' id='word_1_181' title='bbox 354 2794 472 2856; x_wconf 81' lang='lat' dir='ltr'><strong>genere</strong></span> <span class='ocrx_word' id='word_1_182' title='bbox 500 2769 634 2860; x_wconf 74' lang='lat' dir='ltr'><strong>(sriqcre</strong></span> <span class='ocrx_word' id='word_1_183' title='bbox 657 2775 829 2851; x_wconf 70' lang='lat' dir='ltr'><strong>sriaescere</strong></span> <span class='ocrx_word' id='word_1_184' title='bbox 850 2771 931 2837; x_wconf 89' lang='lat' dir='ltr'>VIII</span> <span class='ocrx_word' id='word_1_185' title='bbox 955 2775 991 2858; x_wconf 85' lang='lat'><strong>6,</strong></span> <span class='ocrx_word' id='word_1_186' title='bbox 1013 2774 1048 2858; x_wconf 83' lang='lat'><strong>4)</strong></span> <span class='ocrx_word' id='word_1_187' title='bbox 1077 2776 1141 2839; x_wconf 91' lang='lat' dir='ltr'><strong>iam</strong></span> <span class='ocrx_word' id='word_1_188' title='bbox 1170 2797 1268 2862; x_wconf 86' lang='lat' dir='ltr'><strong>supra</strong></span> <span class='ocrx_word' id='word_1_189' title='bbox 1291 2775 1367 2840; x_wconf 84' lang='lat' dir='ltr'><strong>dixi·</strong></span> 
     </span>
     <span class='ocr_line' id='line_1_24' title="bbox 199 2873 397 2957; baseline 0.005 -21"><span class='ocrx_word' id='word_1_190' title='bbox 199 2896 271 2938; x_wconf 91' lang='lat' dir='ltr'><strong>mus</strong></span> <span class='ocrx_word' id='word_1_191' title='bbox 294 2897 325 2957; x_wconf 89' lang='lat' dir='ltr'><strong>p.</strong></span> <span class='ocrx_word' id='word_1_192' title='bbox 344 2873 397 2938; x_wconf 83' lang='lat'><strong>23.</strong></span> 
     </span>
    </p>

    <p class='ocr_par' dir='ltr' id='par_1_7' title="bbox 289 2966 1369 3058">
     <span class='ocr_line' id='line_1_25' title="bbox 289 2966 1369 3058; baseline 0.004 -23"><span class='ocrx_word' id='word_1_193' title='bbox 289 2971 372 3048; x_wconf 83' lang='lat' dir='ltr'><strong>Quin</strong></span> <span class='ocrx_word' id='word_1_194' title='bbox 392 2993 430 3034; x_wconf 90' lang='lat' dir='ltr'><strong>eo</strong></span> <span class='ocrx_word' id='word_1_195' title='bbox 449 2968 593 3053; x_wconf 90' lang='lat' dir='ltr'><strong>procedit</strong></span> <span class='ocrx_word' id='word_1_196' title='bbox 608 2966 747 3054; x_wconf 73' lang='lat' dir='ltr'><strong>(laelius,</strong></span> <span class='ocrx_word' id='word_1_197' title='bbox 765 2972 801 3032; x_wconf 89' lang='lat' dir='ltr'><strong>ut</strong></span> <span class='ocrx_word' id='word_1_198' title='bbox 819 2971 914 3054; x_wconf 90' lang='lat' dir='ltr'><strong>plane</strong></span> <span class='ocrx_word' id='word_1_199' title='bbox 928 2991 1013 3034; x_wconf 87' lang='lat' dir='ltr'><strong>nova</strong></span> <span class='ocrx_word' id='word_1_200' title='bbox 1033 2971 1129 3035; x_wconf 87' lang='lat' dir='ltr'><strong>verba</strong></span> <span class='ocrx_word' id='word_1_201' title='bbox 1148 2971 1259 3057; x_wconf 85' lang='lat' dir='ltr'><strong>fingat,</strong></span> <span class='ocrx_word' id='word_1_202' title='bbox 1278 2996 1369 3058; x_wconf 88' lang='lat' dir='ltr'><strong>quae,</strong></span> 
     </span>
    </p>
   </div>
   <div class='ocr_carea' id='block_1_3' title="bbox 100 3066 1366 3152">
    <p class='ocr_par' dir='ltr' id='par_1_8' title="bbox 100 3066 1366 3152">
     <span class='ocr_line' id='line_1_26' title="bbox 100 3066 1366 3152; baseline 0.002 -20"><span class='ocrx_word' id='word_1_203' title='bbox 100 3071 103 3076; x_wconf 83' lang='lat'>&#39;</span> <span class='ocrx_word' id='word_1_204' title='bbox 199 3072 235 3132; x_wconf 94' lang='lat' dir='ltr'><strong>ut</strong></span> <span class='ocrx_word' id='word_1_205' title='bbox 259 3091 338 3134; x_wconf 90' lang='lat' dir='ltr'><strong>sono</strong></span> <span class='ocrx_word' id='word_1_206' title='bbox 359 3067 485 3146; x_wconf 88' lang='lat' dir='ltr'><strong>similia,</strong></span> <span class='ocrx_word' id='word_1_207' title='bbox 510 3066 746 3151; x_wconf 86' lang='lat' dir='ltr'><strong>significatione</strong></span> <span class='ocrx_word' id='word_1_208' title='bbox 771 3067 950 3152; x_wconf 85' lang='lat' dir='ltr'><strong>dissimilia,</strong></span> <span class='ocrx_word' id='word_1_209' title='bbox 973 3069 1114 3132; x_wconf 89' lang='lat' dir='ltr'><strong>iocosam</strong></span> <span class='ocrx_word' id='word_1_210' title='bbox 1137 3068 1273 3134; x_wconf 89' lang='lat' dir='ltr'><strong>reddant</strong></span> <span class='ocrx_word' id='word_1_211' title='bbox 1296 3094 1366 3135; x_wconf 90' lang='lat' dir='ltr'><strong>sen-</strong></span> 
     </span>
    </p>
   </div>
   <div class='ocr_carea' id='block_1_4' title="bbox 195 3164 1368 3839">
    <p class='ocr_par' dir='ltr' id='par_1_9' title="bbox 195 3164 1368 3839">
     <span class='ocr_line' id='line_1_27' title="bbox 198 3164 1368 3252; baseline 0.003 -22"><span class='ocrx_word' id='word_1_212' title='bbox 198 3167 344 3251; x_wconf 89' lang='lat' dir='ltr'><strong>tentiam,</strong></span> <span class='ocrx_word' id='word_1_213' title='bbox 363 3168 452 3231; x_wconf 84' lang='lat' dir='ltr'><strong>velut</strong></span> <span class='ocrx_word' id='word_1_214' title='bbox 470 3164 608 3231; x_wconf 82' lang='lat' dir='ltr'><strong>vidimus</strong></span> <span class='ocrx_word' id='word_1_215' title='bbox 628 3187 701 3228; x_wconf 91' lang='lat' dir='ltr'><strong>eum</strong></span> <span class='ocrx_word' id='word_1_216' title='bbox 720 3186 856 3229; x_wconf 86' lang='lat' dir='ltr'><strong>novasse</strong></span> <span class='ocrx_word' id='word_1_217' title='bbox 876 3164 1034 3229; x_wconf 86' lang='lat' dir='ltr'><strong>adiectiva</strong></span> <span class='ocrx_word' id='word_1_218' title='bbox 1053 3187 1110 3229; x_wconf 83' lang='lat' dir='ltr'><strong>coo</strong></span> <span class='ocrx_word' id='word_1_219' title='bbox 1130 3169 1162 3229; x_wconf 91' lang='lat' dir='ltr'><strong>et</strong></span> <span class='ocrx_word' id='word_1_220' title='bbox 1181 3175 1250 3231; x_wconf 85' lang='lat' dir='ltr'><strong>motu</strong></span> <span class='ocrx_word' id='word_1_221' title='bbox 1270 3191 1368 3252; x_wconf 90' lang='lat' dir='ltr'><strong>supra</strong></span> 
     </span>
     <span class='ocr_line' id='line_1_28' title="bbox 197 3261 1365 3351; baseline 0.004 -23"><span class='ocrx_word' id='word_1_222' title='bbox 197 3287 226 3346; x_wconf 91' lang='lat' dir='ltr'><strong>p.</strong></span> <span class='ocrx_word' id='word_1_223' title='bbox 245 3265 297 3328; x_wconf 81' lang='lat'><strong>49.</strong></span> <span class='ocrx_word' id='word_1_224' title='bbox 335 3287 416 3348; x_wconf 90' lang='lat' dir='ltr'><strong>quae</strong></span> <span class='ocrx_word' id='word_1_225' title='bbox 436 3285 507 3329; x_wconf 92' lang='lat' dir='ltr'><strong>cum</strong></span> <span class='ocrx_word' id='word_1_226' title='bbox 526 3263 573 3326; x_wconf 88' lang='lat' dir='ltr'><strong>ita</strong></span> <span class='ocrx_word' id='word_1_227' title='bbox 588 3263 663 3348; x_wconf 88' lang='lat' dir='ltr'><strong>sint,</strong></span> <span class='ocrx_word' id='word_1_228' title='bbox 685 3261 772 3327; x_wconf 87' lang='lat' dir='ltr'><strong>haud</strong></span> <span class='ocrx_word' id='word_1_229' title='bbox 797 3263 863 3327; x_wconf 86' lang='lat' dir='ltr'><strong>scio</strong></span> <span class='ocrx_word' id='word_1_230' title='bbox 884 3285 925 3326; x_wconf 87' lang='lat' dir='ltr'><strong>an</strong></span> <span class='ocrx_word' id='word_1_231' title='bbox 949 3285 989 3327; x_wconf 93' lang='lat' dir='ltr'><strong>ne</strong></span> <span class='ocrx_word' id='word_1_232' title='bbox 1012 3263 1046 3326; x_wconf 93' lang='lat' dir='ltr'><strong>in</strong></span> <span class='ocrx_word' id='word_1_233' title='bbox 1068 3286 1106 3327; x_wconf 90' lang='lat' dir='ltr'><strong>eo</strong></span> <span class='ocrx_word' id='word_1_234' title='bbox 1131 3264 1259 3348; x_wconf 90' lang='lat' dir='ltr'><strong>quidem</strong></span> <span class='ocrx_word' id='word_1_235' title='bbox 1280 3269 1365 3351; x_wconf 89' lang='lat' dir='ltr'><strong>quic·</strong></span> 
     </span>
     <span class='ocr_line' id='line_1_29' title="bbox 197 3359 1366 3454; baseline 0.004 -30"><span class='ocrx_word' id='word_1_236' title='bbox 197 3384 293 3444; x_wconf 91' lang='lat' dir='ltr'><strong>quam</strong></span> <span class='ocrx_word' id='word_1_237' title='bbox 317 3362 503 3426; x_wconf 88' lang='lat' dir='ltr'><strong>offensionis</strong></span> <span class='ocrx_word' id='word_1_238' title='bbox 522 3361 608 3444; x_wconf 89' lang='lat' dir='ltr'><strong>insit,</strong></span> <span class='ocrx_word' id='word_1_239' title='bbox 628 3360 712 3445; x_wconf 93' lang='lat' dir='ltr'><strong>quod</strong></span> <span class='ocrx_word' id='word_1_240' title='bbox 731 3362 765 3426; x_wconf 89' lang='lat' dir='ltr'><strong>in</strong></span> <span class='ocrx_word' id='word_1_241' title='bbox 784 3359 866 3425; x_wconf 89' lang='lat' dir='ltr'><strong>Med.</strong></span> <span class='ocrx_word' id='word_1_242' title='bbox 887 3362 1007 3447; x_wconf 86' lang='lat' dir='ltr'><strong>legitur</strong></span> <span class='ocrx_word' id='word_1_243' title='bbox 1031 3361 1110 3426; x_wconf 89' lang='lat' dir='ltr'>VIII</span> <span class='ocrx_word' id='word_1_244' title='bbox 1130 3363 1159 3445; x_wconf 89' lang='lat'><strong>9,</strong></span> <span class='ocrx_word' id='word_1_245' title='bbox 1182 3365 1198 3428; x_wconf 92' lang='lat'>1</span> <span class='ocrx_word' id='word_1_246' title='bbox 1220 3363 1366 3454; x_wconf 88' lang='lat' dir='ltr'><strong>(Hirrus)</strong></span> 
     </span>
     <span class='ocr_line' id='line_1_30' title="bbox 201 3462 1365 3552; baseline 0.005 -29"><span class='ocrx_word' id='word_1_247' title='bbox 201 3465 390 3525; x_wconf 77' lang='lat' dir='ltr'><strong>Curionem</strong></span> <span class='ocrx_word' id='word_1_248' title='bbox 414 3481 544 3540; x_wconf 83' lang='lat' dir='ltr'><strong>prorsus</strong></span> <span class='ocrx_word' id='word_1_249' title='bbox 572 3466 761 3524; x_wconf 82' lang='lat' dir='ltr'><strong>curionem</strong></span> <span class='ocrx_word' id='word_1_250' title='bbox 788 3479 848 3524; x_wconf 82' lang='lat' dir='ltr'><strong>mou</strong></span> <span class='ocrx_word' id='word_1_251' title='bbox 876 3465 1071 3526; x_wconf 85' lang='lat' dir='ltr'><strong>mediocriter</strong></span> <span class='ocrx_word' id='word_1_252' title='bbox 1099 3467 1256 3541; x_wconf 70' lang='lat' dir='ltr'><strong>otiuryut:</strong></span> <span class='ocrx_word' id='word_1_253' title='bbox 1288 3462 1365 3552; x_wconf 69' lang='lat' dir='ltr'><strong>siel)</strong></span> 
     </span>
     <span class='ocr_line' id='line_1_31' title="bbox 196 3554 1366 3639; baseline 0.006 -18"><span class='ocrx_word' id='word_1_254' title='bbox 196 3566 318 3639; x_wconf 86' lang='lat' dir='ltr'><strong>repulsu</strong></span> <span class='ocrx_word' id='word_1_255' title='bbox 341 3582 374 3624; x_wconf 85' lang='lat' dir='ltr'><strong>se</strong></span> <span class='ocrx_word' id='word_1_256' title='bbox 396 3565 529 3624; x_wconf 80' lang='lat' dir='ltr'><strong>mutauit.</strong></span> <span class='ocrx_word' id='word_1_257' title='bbox 574 3578 650 3620; x_wconf 90' lang='lat' dir='ltr'><strong>nam</strong></span> <span class='ocrx_word' id='word_1_258' title='bbox 679 3556 802 3622; x_wconf 86' lang='lat' dir='ltr'><strong>videtur</strong></span> <span class='ocrx_word' id='word_1_259' title='bbox 831 3554 959 3622; x_wconf 79' lang='lat' dir='ltr'><strong>Caelius</strong></span> <span class='ocrx_word' id='word_1_260' title='bbox 988 3559 1113 3624; x_wconf 88' lang='lat' dir='ltr'><strong>ratione</strong></span> <span class='ocrx_word' id='word_1_261' title='bbox 1141 3560 1309 3626; x_wconf 91' lang='lat' dir='ltr'><strong>simillima</strong></span> <span class='ocrx_word' id='word_1_262' title='bbox 1337 3566 1366 3628; x_wconf 91' lang='lat' dir='ltr'><strong>ei</strong></span> 
     </span>
     <span class='ocr_line' id='line_1_32' title="bbox 196 3653 1365 3740; baseline 0.005 -21"><span class='ocrx_word' id='word_1_263' title='bbox 196 3656 234 3720; x_wconf 91' lang='lat' dir='ltr'><strong>de</strong></span> <span class='ocrx_word' id='word_1_264' title='bbox 265 3679 328 3740; x_wconf 90' lang='lat' dir='ltr'><strong>qua</strong></span> <span class='ocrx_word' id='word_1_265' title='bbox 356 3655 493 3719; x_wconf 87' lang='lat' dir='ltr'><strong>diximus</strong></span> <span class='ocrx_word' id='word_1_266' title='bbox 531 3655 629 3718; x_wconf 87' lang='lat' dir='ltr'><strong>iocari</strong></span> <span class='ocrx_word' id='word_1_267' title='bbox 662 3655 693 3718; x_wconf 88' lang='lat' dir='ltr'><strong>in</strong></span> <span class='ocrx_word' id='word_1_268' title='bbox 728 3675 847 3719; x_wconf 90' lang='lat' dir='ltr'><strong>nomen</strong></span> <span class='ocrx_word' id='word_1_269' title='bbox 877 3653 1025 3720; x_wconf 78' lang='lat' dir='ltr'><strong>Curionis</strong></span> <span class='ocrx_word' id='word_1_270' title='bbox 1056 3658 1213 3723; x_wconf 87' lang='lat' dir='ltr'><strong>vocabulo</strong></span> <span class='ocrx_word' id='word_1_271' title='bbox 1241 3681 1317 3724; x_wconf 87' lang='lat' dir='ltr'><strong>usus</strong></span> <span class='ocrx_word' id='word_1_272' title='bbox 1346 3685 1365 3725; x_wconf 92' lang='lat' dir='ltr'><strong>a</strong></span> 
     </span>
     <span class='ocr_line' id='line_1_33' title="bbox 195 3752 1364 3839; baseline 0.005 -22"><span class='ocrx_word' id='word_1_273' title='bbox 195 3753 311 3819; x_wconf 91' lang='lat' dir='ltr'><strong>Plauto</strong></span> <span class='ocrx_word' id='word_1_274' title='bbox 336 3754 409 3818; x_wconf 92' lang='lat' dir='ltr'><strong>Aul.</strong></span> <span class='ocrx_word' id='word_1_275' title='bbox 427 3753 491 3819; x_wconf 83' lang='lat'><strong>561</strong></span> <span class='ocrx_word' id='word_1_276' title='bbox 518 3775 556 3816; x_wconf 89' lang='lat' dir='ltr'><strong>ex</strong></span> <span class='ocrx_word' id='word_1_277' title='bbox 584 3771 671 3816; x_wconf 90' lang='lat' dir='ltr'><strong>more</strong></span> <span class='ocrx_word' id='word_1_278' title='bbox 697 3752 820 3836; x_wconf 86' lang='lat' dir='ltr'><strong>vulgari</strong></span> <span class='ocrx_word' id='word_1_279' title='bbox 844 3753 1059 3839; x_wconf 75' lang='lat' dir='ltr'><strong>conformato,</strong></span> <span class='ocrx_word' id='word_1_280' title='bbox 1089 3760 1139 3820; x_wconf 87' lang='lat' dir='ltr'><strong>est</strong></span> <span class='ocrx_word' id='word_1_281' title='bbox 1167 3758 1253 3821; x_wconf 90' lang='lat' dir='ltr'><strong>enim</strong></span> <span class='ocrx_word' id='word_1_282' title='bbox 1277 3766 1364 3823; x_wconf 88' lang='lat' dir='ltr'><strong>eurio</strong></span> 
     </span>
    </p>
   </div>
   <div class='ocr_carea' id='block_1_5' title="bbox 191 3972 1363 4525">
    <p class='ocr_par' dir='ltr' id='par_1_10' title="bbox 193 3972 1363 4285">
     <span class='ocr_line' id='line_1_34' title="bbox 267 3972 1362 4048; baseline 0.005 -20"><span class='ocrx_word' id='word_1_283' title='bbox 267 3973 464 4042; x_wconf 66' lang='lat' dir='ltr'><strong>mitulorum</strong></span> <span class='ocrx_word' id='word_1_284' title='bbox 487 3973 687 4042; x_wconf 83' lang='lat' dir='ltr'><strong>interpretatus</strong></span> <span class='ocrx_word' id='word_1_285' title='bbox 711 3974 754 4026; x_wconf 91' lang='lat' dir='ltr'><strong>est</strong></span> <span class='ocrx_word' id='word_1_286' title='bbox 777 3972 883 4027; x_wconf 90' lang='lat' dir='ltr'><strong>reiecta</strong></span> <span class='ocrx_word' id='word_1_287' title='bbox 905 3973 938 4031; x_wconf 91' lang='lat' dir='ltr'><strong>H.</strong></span> <span class='ocrx_word' id='word_1_288' title='bbox 960 3973 1096 4044; x_wconf 86' lang='lat' dir='ltr'><strong>Stephani</strong></span> <span class='ocrx_word' id='word_1_289' title='bbox 1120 3975 1280 4030; x_wconf 90' lang='lat' dir='ltr'><strong>coniectura</strong></span> <span class='ocrx_word' id='word_1_290' title='bbox 1303 3979 1362 4048; x_wconf 89' lang='lat' dir='ltr'><strong>(cfr.</strong></span> 
     </span>
     <span class='ocr_line' id='line_1_35' title="bbox 195 4053 1362 4130; baseline 0.003 -22"><span class='ocrx_word' id='word_1_291' title='bbox 195 4055 279 4109; x_wconf 80' lang='lat' dir='ltr'><strong>etiem</strong></span> <span class='ocrx_word' id='word_1_292' title='bbox 291 4053 508 4123; x_wconf 85' lang='lat' dir='ltr'><strong>Wesenbergius</strong></span> <span class='ocrx_word' id='word_1_293' title='bbox 519 4055 626 4110; x_wconf 88' lang='lat' dir='ltr'><strong>emend.</strong></span> <span class='ocrx_word' id='word_1_294' title='bbox 637 4072 663 4123; x_wconf 92' lang='lat' dir='ltr'><strong>p.</strong></span> <span class='ocrx_word' id='word_1_295' title='bbox 675 4054 788 4124; x_wconf 81' lang='lat' dir='ltr'><strong>93),q11i</strong></span> <span class='ocrx_word' id='word_1_296' title='bbox 802 4057 906 4123; x_wconf 74' lang='lat' dir='ltr'><strong>fuctum</strong></span> <span class='ocrx_word' id='word_1_297' title='bbox 919 4055 950 4109; x_wconf 90' lang='lat' dir='ltr'><strong>in</strong></span> <span class='ocrx_word' id='word_1_298' title='bbox 962 4057 1056 4124; x_wconf 65' lang='lat' dir='ltr'><strong>pictmu</strong></span> <span class='ocrx_word' id='word_1_299' title='bbox 1069 4056 1197 4130; x_wconf 74' lang='lat' dir='ltr'><strong>mutanti,</strong></span> <span class='ocrx_word' id='word_1_300' title='bbox 1212 4056 1362 4112; x_wconf 82' lang='lat' dir='ltr'><strong>Teuffelius</strong></span> 
     </span>
     <span class='ocr_line' id='line_1_36' title="bbox 193 4130 1363 4208; baseline 0.005 -22"><span class='ocrx_word' id='word_1_301' title='bbox 193 4151 263 4188; x_wconf 90' lang='lat' dir='ltr'><strong>mus.</strong></span> <span class='ocrx_word' id='word_1_302' title='bbox 283 4133 360 4189; x_wconf 89' lang='lat' dir='ltr'><strong>rhen.</strong></span> <span class='ocrx_word' id='word_1_303' title='bbox 380 4135 433 4188; x_wconf 89' lang='lat' dir='ltr'><strong>vol.</strong></span> <span class='ocrx_word' id='word_1_304' title='bbox 453 4130 543 4188; x_wconf 88' lang='lat' dir='ltr'>XXIX</span> <span class='ocrx_word' id='word_1_305' title='bbox 565 4151 591 4202; x_wconf 88' lang='lat' dir='ltr'><strong>p.</strong></span> <span class='ocrx_word' id='word_1_306' title='bbox 612 4139 665 4188; x_wconf 82' lang='lat'><strong>364</strong></span> <span class='ocrx_word' id='word_1_307' title='bbox 688 4133 910 4204; x_wconf 87' lang='lat' dir='ltr'><strong>adprobantibus</strong></span> <span class='ocrx_word' id='word_1_308' title='bbox 933 4135 1091 4192; x_wconf 86' lang='lat' dir='ltr'><strong>Hofmanno</strong></span> <span class='ocrx_word' id='word_1_309' title='bbox 1115 4135 1194 4206; x_wconf 89' lang='lat' dir='ltr'><strong>(edit.</strong></span> <span class='ocrx_word' id='word_1_310' title='bbox 1214 4137 1314 4208; x_wconf 85' lang='lat' dir='ltr'><strong>quint.)</strong></span> <span class='ocrx_word' id='word_1_311' title='bbox 1334 4141 1363 4192; x_wconf 88' lang='lat' dir='ltr'><strong>et</strong></span> 
     </span>
     <span class='ocr_line' id='line_1_37' title="bbox 193 4211 982 4285; baseline 0.003 -16"><span class='ocrx_word' id='word_1_312' title='bbox 193 4214 355 4269; x_wconf 89' lang='lat' dir='ltr'><strong>Lehmanno</strong></span> <span class='ocrx_word' id='word_1_313' title='bbox 376 4213 466 4267; x_wconf 90' lang='lat' dir='ltr'><strong>annal.</strong></span> <span class='ocrx_word' id='word_1_314' title='bbox 488 4211 583 4266; x_wconf 86' lang='lat' dir='ltr'><strong>societ.</strong></span> <span class='ocrx_word' id='word_1_315' title='bbox 603 4212 737 4284; x_wconf 85' lang='lat' dir='ltr'><strong>philolog.</strong></span> <span class='ocrx_word' id='word_1_316' title='bbox 758 4213 848 4268; x_wconf 91' lang='lat' dir='ltr'><strong>Berol.</strong></span> <span class='ocrx_word' id='word_1_317' title='bbox 869 4216 893 4268; x_wconf 94' lang='lat' dir='ltr'>X</span> <span class='ocrx_word' id='word_1_318' title='bbox 912 4234 938 4285; x_wconf 89' lang='lat' dir='ltr'><strong>p.</strong></span> <span class='ocrx_word' id='word_1_319' title='bbox 959 4221 982 4271; x_wconf 82' lang='lat'><strong>9.</strong></span> 
     </span>
    </p>

    <p class='ocr_par' dir='ltr' id='par_1_11' title="bbox 191 4293 1361 4525">
     <span class='ocr_line' id='line_1_38' title="bbox 264 4293 1361 4368; baseline 0.006 -20"><span class='ocrx_word' id='word_1_320' title='bbox 264 4298 291 4364; x_wconf 79' lang='lat'><strong>2)</strong></span> <span class='ocrx_word' id='word_1_321' title='bbox 310 4295 351 4348; x_wconf 90' lang='lat' dir='ltr'><strong>ita</strong></span> <span class='ocrx_word' id='word_1_322' title='bbox 367 4293 487 4348; x_wconf 83' lang='lat' dir='ltr'><strong>correxit</strong></span> <span class='ocrx_word' id='word_1_323' title='bbox 502 4293 661 4362; x_wconf 84' lang='lat' dir='ltr'><strong>Madvigius</strong></span> <span class='ocrx_word' id='word_1_324' title='bbox 681 4294 788 4348; x_wconf 90' lang='lat' dir='ltr'><strong>advers.</strong></span> <span class='ocrx_word' id='word_1_325' title='bbox 804 4293 864 4349; x_wconf 87' lang='lat' dir='ltr'><strong>crit.</strong></span> <span class='ocrx_word' id='word_1_326' title='bbox 880 4295 919 4349; x_wconf 88' lang='lat' dir='ltr'><strong>III</strong></span> <span class='ocrx_word' id='word_1_327' title='bbox 933 4314 959 4364; x_wconf 91' lang='lat' dir='ltr'><strong>p.</strong></span> <span class='ocrx_word' id='word_1_328' title='bbox 973 4303 1022 4351; x_wconf 80' lang='lat'><strong>160</strong></span> <span class='ocrx_word' id='word_1_329' title='bbox 1037 4295 1158 4351; x_wconf 88' lang='lat' dir='ltr'><strong>Medicei</strong></span> <span class='ocrx_word' id='word_1_330' title='bbox 1173 4300 1361 4368; x_wconf 87' lang='lat' dir='ltr'><strong>corruptelam</strong></span> 
     </span>
     <span class='ocr_line' id='line_1_39' title="bbox 193 4373 1360 4446; baseline 0.006 -17"><span class='ocrx_word' id='word_1_331' title='bbox 193 4375 352 4446; x_wconf 75' lang='lat' dir='ltr'><strong>obiurputus</strong></span> <span class='ocrx_word' id='word_1_332' title='bbox 370 4394 417 4446; x_wconf 86' lang='lat' dir='ltr'><strong>ac;</strong></span> <span class='ocrx_word' id='word_1_333' title='bbox 436 4375 471 4429; x_wconf 86' lang='lat' dir='ltr'><strong>de</strong></span> <span class='ocrx_word' id='word_1_334' title='bbox 491 4373 590 4429; x_wconf 89' lang='lat' dir='ltr'><strong>ceteris</strong></span> <span class='ocrx_word' id='word_1_335' title='bbox 610 4391 686 4442; x_wconf 87' lang='lat' dir='ltr'><strong>vero,</strong></span> <span class='ocrx_word' id='word_1_336' title='bbox 706 4392 777 4442; x_wconf 88' lang='lat' dir='ltr'><strong>quae</strong></span> <span class='ocrx_word' id='word_1_337' title='bbox 796 4373 864 4432; x_wconf 92' lang='lat' dir='ltr'><strong>ibid.</strong></span> <span class='ocrx_word' id='word_1_338' title='bbox 884 4375 1045 4446; x_wconf 86' lang='lat' dir='ltr'><strong>proposuit,</strong></span> <span class='ocrx_word' id='word_1_339' title='bbox 1065 4375 1129 4431; x_wconf 85' lang='lat' dir='ltr'><strong>vide</strong></span> <span class='ocrx_word' id='word_1_340' title='bbox 1149 4394 1219 4444; x_wconf 91' lang='lat' dir='ltr'><strong>quae</strong></span> <span class='ocrx_word' id='word_1_341' title='bbox 1240 4379 1360 4436; x_wconf 75' lang='lat' dir='ltr'><strong>dirimas</strong></span> 
     </span>
     <span class='ocr_line' id='line_1_40' title="bbox 191 4461 281 4525; baseline 0.022 -16"><span class='ocrx_word' id='word_1_342' title='bbox 191 4473 218 4525; x_wconf 94' lang='lat' dir='ltr'><strong>p.</strong></span> <span class='ocrx_word' id='word_1_343' title='bbox 239 4461 281 4511; x_wconf 80' lang='grc'><strong>46.</strong></span> 
     </span>
    </p>
   </div>
   <div class='ocr_carea' id='block_1_6' title="bbox 0 0 1600 5024">
    <p class='ocr_par' dir='ltr' id='par_1_12' title="bbox 0 0 1600 5024">
     <span class='ocr_line' id='line_1_41' title="bbox 0 0 1600 5024; baseline 0 7"><span class='ocrx_word' id='word_1_344' title='bbox 0 0 1600 5024; x_wconf 95' lang='lat' dir='ltr'><strong> </strong></span> 
     </span>
    </p>
   </div>
  </div>
 </body>
</html>
