3192 5024
676 297 870 356 ..7-

190 475 270 537 quae
295 475 366 518 cum
386 477 405 517 a
424 452 544 538 CaeIIo,
567 455 680 518 iuvene
704 454 875 536 splendore
899 457 1043 541 corporis
1067 458 1188 542 insigni
1206 480 1265 524 nec
1283 459 1355 543 ipso

189 550 269 615 satis
297 553 490 636 continenti,
518 573 610 635 quern
635 551 832 635 aliquamdiu
861 553 1020 618 illecebris
1049 556 1280 640 lenociniisque
1304 558 1355 621 de·

188 648 331 713 vinctum
358 649 528 732 habuerat,
556 648 683 712 deserta
711 653 809 734 esset,
840 650 913 715 odio
942 652 1143 719 inflammata
1170 659 1206 720 ut
1233 679 1354 740 poenas

189 746 230 810 ab
254 767 292 809 eo
316 748 458 832 exigeret
480 746 571 811 enixe
595 767 725 828 operam
754 747 850 811 dedit.
900 749 1008 832 itaque
1037 753 1210 817 concitavit
1232 754 1354 818 Atrati-

189 865 280 926 num,
314 847 350 906 ut
379 845 470 908 illum
500 844 538 908 de
569 844 600 908 vi
636 847 669 907 et
699 845 852 910 veneficio
887 847 1092 928 accusaret.¹)
1145 851 1356 916 defenderunt

189 963 316 1006 causam
341 940 470 1008 Caelius
498 942 567 1025 ipse
595 941 741 1006 oratione
769 941 930 1024 perfacete
957 944 1114 1028 plenaque
1138 948 1228 1030 salis,
1256 952 1292 1012 ut
1316 971 1354 1012 ex

187 1040 331 1121 pauculis
357 1063 438 1124 quae
466 1044 578 1104 extant
601 1039 744 1124 reliquiis
773 1041 841 1106 eius
869 1039 939 1128 (cfr.
964 1042 1112 1126 Meyerus
1136 1045 1156 1108 l.
1179 1047 1199 1110 1.
1222 1069 1253 1129 p.
1272 1044 1352 1133 463)

187 1137 400 1221 cognoscitur,
422 1137 465 1204 M.
490 1137 634 1221 Crassus,
658 1136 769 1204 Cicero
794 1139 940 1204 oratione
963 1140 1056 1204 uobis
1081 1147 1217 1226 servata,
1240 1144 1294 1227 lta,
1317 1148 1354 1208 ut

185 1256 257 1298 reus
281 1235 398 1300 iudicio
421 1237 649 1300 absolveretur.

274 1331 412 1396 Multum
436 1355 473 1396 ex
497 1333 559 1398 hoc
581 1337 726 1416 ternpore
750 1334 781 1396 in
806 1333 878 1398 foro
902 1339 935 1398 et
957 1335 1097 1419 negotiis
1121 1338 1260 1420 publicis
1283 1360 1352 1402 ver-

186 1431 276 1492 satus
300 1433 507 1512 quaesturam
531 1431 672 1495 obtinuit
691 1430 809 1514 699l55
828 1428 899 1517 (cfr.
915 1431 1171 1516 Wegehauptius
1186 1435 1206 1498 l.
1221 1436 1241 1499 l.
1256 1459 1285 1518 p.
1303 1439 1352 1518 11,

186 1524 465 1590 Wisobhoelterus
488 1529 507 1590 I.
532 1527 551 1590 l.
576 1550 606 1610 p.
629 1525 702 1613 27),
726 1529 873 1592 tribunus
901 1528 1005 1612 plebis
1028 1530 1135 1595 factus
1159 1536 1208 1596 est
1227 1531 1353 1623 ababa,

187 1622 300 1686 aedilis
325 1624 444 1687 curulis
468 1623 595 1706 rossad.
645 1646 708 1708 quo
733 1647 816 1690 anno
841 1627 874 1690 P.
899 1626 1031 1691 Clodius
1055 1650 1074 1692 a
1097 1627 1228 1694 Milonis
1252 1631 1352 1694 servis

185 1720 307 1783 occisus
332 1725 391 1798 est,
410 1721 613 1805 gravissimis
638 1721 760 1805 aliquot
783 1723 988 1788 contionibus
1013 1725 1220 1808 optimatium
1243 1731 1352 1810 partes

183 1816 370 1901 vindicavit,
398 1818 495 1901 paulo
522 1821 598 1901 post
621 1817 662 1883 Μ,
687 1817 808 1883 Saufeii
831 1841 961 1884 causam
985 1821 1064 1905 egit,
1091 1823 1258 1888 tribunatu
1282 1847 1351 1906 per-

182 1913 311 1978 functus
331 1915 482 1980 continuo
503 1915 540 1991 Q.
555 1915 743 1998 Pompeium
762 1916 884 1982 Rufum
903 1918 1061 2002 collegam
1081 1918 1119 1982 de
1138 1920 1169 1984 vi
1189 1922 1352 1985 accusavit

181 2015 277 2097 atque
300 2015 337 2076 ut
356 2013 562 2080 damnaretur
581 2014 730 2096 obtinuit,
750 2015 887 2099 denique
912 2014 1024 2079 aedilis
1043 2015 1148 2079 factus
1168 2018 1351 2082 contionem

179 2109 295 2174 habuil
308 2110 346 2174 de
361 2111 462 2194 aquis,
476 2111 585 2195 inqua
600 2112 805 2194 aquariorum
819 2111 947 2176 fraudes
958 2112 1163 2176 vehementer
1177 2113 1351 2198 castigavit

180 2204 250 2288 (cfr.
274 2206 423 2292 Meyerus
446 2209 467 2272 l.
490 2208 511 2272 l.
534 2231 565 2290 p.
583 2208 649 2272 466
669 2207 715 2294 s).

269 2303 384 2384 rosor
407 2305 441 2367 in
461 2301 607 2368 Ciliciam
628 2306 826 2386 provinciam
847 2306 1049 2389 profecturus
1069 2306 1181 2373 Cicero
1201 2331 1219 2371 a
1238 2307 1349 2374 Caelio

179 2401 304 2483 petivit,
327 2405 363 2464 ut
387 2423 497 2465 omnes
521 2421 573 2464 res
602 2401 742 2464 urbanas
766 2403 1013 2486 diligentissime
1041 2403 1104 2466 sibi
1127 2405 1349 2487 perscriberet.

178 2497 225 2561 ita
248 2497 371 2562 factum
395 2501 454 2581 est,
478 2501 514 2561 ut
536 2501 664 2562 mutuas
687 2499 771 2562 inter
795 2521 828 2562 se
846 2499 1002 2583 epistulas
1021 2499 1196 2585 mitterent,
1214 2523 1348 2584 quarum

179 2616 261 2678 quae
292 2599 367 2659 sunt
391 2594 493 2660 Caelii
520 2617 584 2660 uua
612 2617 684 2660 cum
713 2597 838 2681 aliquot
865 2597 1041 2679 posteriore
1069 2602 1213 2681 ternpore
1241 2601 1283 2664 ab
1311 2623 1373 2694 eo,

179 2695 306 2778 scriptis
340 2692 504 2759 Ciceronis
534 2693 745 2776 epistularum
780 2695 820 2758 ad
856 2694 1032 2759 familiares
1067 2696 1151 2760 libro
1185 2695 1347 2784 octavo,²)

179 2790 346 2856 Tullianae
371 2792 513 2855 eiusdem
536 2793 682 2874 corporis
700 2793 783 2856 libro
803 2792 907 2858 altero
927 2793 1035 2858 8-16
1055 2794 1271 2858 continentur.
1309 2796 1347 2860 de

177 2888 227 2952 his
247 2889 394 2972 epistulis
405 2887 516 2958 ,fusius
530 2888 592 2952 hoc
610 2889 682 2954 loco
698 2910 857 2972 exponere
876 2891 1078 2975 supersedeo,
1096 2891 1246 2975 quoniam
1267 2915 1348 2975 quae

176 2986 217 3050 ad
240 2988 420 3051 orationem
444 3007 554 3049 earum
577 2985 744 3068 pertinent
763 2986 870 3052 dedita
894 3009 992 3071 opera
1015 2989 1100 3053 infra
1123 2989 1346 3072 tractabimus

177 3106 260 3167 quae
280 3087 386 3149 autem
407 3083 448 3148 ad
467 3083 617 3148 notitiam
637 3104 744 3148 rerum
764 3106 783 3146 a
802 3082 912 3149 Caelio
932 3085 1068 3170 aliisque
1088 3091 1251 3170 gestarum
1271 3089 1346 3152 inde

175 3182 298 3246 hauriri
317 3184 462 3265 possunt,
482 3180 604 3263 optime
625 3179 899 3264 aWegehauptio
922 3183 940 3244 l.
960 3183 1030 3266 lp.
1053 3184 1092 3248 13
1108 3206 1148 3248 rs.
1169 3187 1201 3248 et
1219 3183 1346 3250 Wisch·

174 3280 320 3344 hoeltero
344 3279 365 3342 l.
385 3279 405 3342 l.
424 3302 455 3361 p.
475 3277 517 3341 32
538 3299 578 3340 ss.
603 3277 773 3360 explanata
801 3282 886 3343 sunt.
933 3279 988 3343 sed
1016 3283 1053 3343 ut
1076 3281 1114 3343 ad
1144 3283 1345 3364 propositum

175 3381 382 3459 revertamur,
402 3374 539 3458 Caelius,
563 3396 635 3438 cum
660 3376 755 3438 antea
779 3397 905 3459 semper
925 3398 944 3440 a
963 3380 1079 3441 senatu
1103 3378 1256 3461 stetisset,
1279 3379 1345 3444 iam

176 3473 299 3538 indies
323 3474 427 3558 magis
452 3473 492 3536 ab
517 3474 585 3536 eius
611 3493 707 3536 causa
731 3473 889 3552 alienatus
914 3476 985 3538 orta
1008 3475 1092 3538 16661
1116 3473 1288 3540 Caesarem
1313 3481 1345 3541 66

175 3569 364 3654 Pompeium
393 3569 553 3634 discordia
582 3571 622 3634 ad
650 3569 798 3634 Caesaris
826 3574 936 3654 partes
964 3572 1105 3637 transiit
1122 3595 1247 3658 unaque
1272 3596 1344 3639 cum

176 3665 211 3731 C.
231 3666 380 3749 Curione,
403 3666 447 3732 M.
465 3666 619 3750 Antonio,
643 3666 679 3742 Q.
699 3665 812 3732 Cassio
833 3667 949 3752 russos
970 3669 1156 3734 Ravennam
1180 3671 1214 3735 in
1237 3675 1345 3738 castra

173 3765 262 3828 illius
287 3787 320 3828 se
344 3764 489 3830 60666116.
541 3766 576 3828 66
602 3764 699 3848 paulo
727 3769 814 3848 post,
843 3788 914 3830 cum
942 3788 982 3830 ne
1011 3790 1030 3830 6
1053 3766 1190 3832 Caesare
1215 3769 1342 3854 quidem

175 3863 283 3929 omnia
303 3884 383 3946 quae
403 3865 563 3945 sperasset
582 3884 650 3927 sese
669 3863 916 3946 impetraturum
931 3885 1000 3928 esse
1019 3864 1230 3948 intellegeret,
1245 3867 1342 3932 etiam

172 3961 248 4026 huic
271 3959 407 4024 insidias
431 3981 544 4042 parare
568 3961 688 4042 coepit:
721 3961 885 4042 praetoria
912 3964 1075 4044 potestate
1099 3959 1189 4048 (nam
1212 3969 1342 4046 praetor

245 4138 270 4206 1)
291 4132 450 4188 accuratius
474 4134 509 4187 de
532 4134 586 4188 hac
608 4151 694 4188 causa
717 4136 835 4204 egerunt
857 4133 1034 4191 Drumannus
1055 4137 1073 4191 l.
1097 4137 1116 4191 l.
1134 4154 1161 4205 p.
1182 4143 1232 4192 377
1253 4155 1287 4192 ss.
1313 4139 1343 4191 et

173 4214 396 4284 Wegehauptius
416 4214 434 4267 I.
450 4214 468 4268 l.
484 4231 510 4282 p.
526 4221 542 4268 9
557 4231 578 4268 s.

245 4297 272 4364 2)
290 4294 429 4364 epistulae
447 4293 512 4349 VIII
534 4300 566 4348 16
585 4292 672 4348 stiam
691 4297 811 4350 altemm
833 4296 992 4364 exemplum
1012 4298 1091 4351 extat
1113 4296 1187 4350 inter
1205 4297 1341 4366 epistulas

173 4373 209 4427 ad
228 4373 354 4428 Atticum
372 4375 454 4429 datas
470 4375 494 4430 X
509 4381 524 4428 9
539 4374 563 4428 A
583 4375 732 4428 servatum.
