3192 5024
18 389 23 530 l

626 343 840 414 ..35-

143 511 268 574 BaciIio
295 531 328 574 se
360 515 582 574 contumaciter
613 513 791 588 urbaneque
822 519 964 574 uenatum
993 513 1024 575 et
1052 534 1081 595 p.
1105 505 1228 576 Cluent.
1255 505 1316 574 177

18 621 20 676 t
139 612 253 687 furere
276 615 411 672 crudelis
434 614 567 672 mulier.
593 659 599 670 .
624 613 709 671 ,siti
730 629 921 687 nequaquam
940 659 946 670 .
967 659 973 670 .
994 629 1032 672 ea
1054 630 1134 687 quae
1156 615 1320 686 copitasset

18 693 20 800 s
139 713 323 790 procedere,
347 703 461 770 Florus
486 703 532 768 IV
556 707 627 790 4,l
656 709 802 770 Antonius
828 714 1002 786 praelatum
1028 711 1088 770 siti
1120 712 1318 772 Octauianum

18 821 20 888 t
139 808 269 883 surena
288 803 441 886 fugerunt
459 802 538 868 haec
554 803 752 889 Draegerum
772 808 909 888 suntque
929 803 1072 868 addenda
1093 804 1131 866 ad
1147 802 1180 865 II
1201 825 1229 885 p.
1245 803 1318 866 393.

236 907 374 980 discupio
394 898 473 963 VIII
499 901 555 983 15,
579 903 599 964 2
623 913 652 966 te
674 909 778 966 uidere
802 913 839 967 et.
853 910 953 966 omnia
982 909 1087 966 intima
1111 904 1235 980 deferre
1258 907 1317 964 dis-

143 1005 252 1079 cupio;
271 999 392 1080 parIter
406 998 534 1062 locutus
553 1003 603 1063 est
622 999 758 1064 Plautus
773 1000 859 1064 'Prin
874 1000 940 1064 932
959 1007 1032 1079 quin
1048 1006 1185 1078 discupio
1204 1005 1317 1075 dicere,

144 1098 368 1163 accusativum
397 1100 431 1160 et
458 1096 654 1161 infinitivum
683 1097 819 1161 subiecit
848 1093 996 1162 Catullus
1016 1095 1134 1162 avla
1163 1095 1232 1182 (nbi
1256 1097 1318 1161 vid.

143 1196 299 1281 Riesius).
344 1193 456 1259 omisit
475 1194 553 1258 haec
577 1193 759 1280 Draegerus
784 1197 804 1260 l.
829 1195 849 1261 l.
871 1217 901 1278 p.
926 1196 999 1259 307.
1194 1267 1196 1270 .

235 1292 288 1357 Ab
311 1291 508 1376 optimorum
533 1292 727 1375 scriptorum
750 1316 809 1357 usn
833 1295 928 1376 plane
957 1293 1110 1358 abhorret
1134 1293 1342 1372 ftaqitare‘

144 1415 220 1458 cum
259 1391 441 1456 accusativo
479 1390 649 1473 gerundivi
681 1392 902 1474 coniunctum,
939 1391 1023 1474 quod
1060 1392 1199 1474 primum
1233 1389 1318 1473 apud

144 1489 292 1555 (laelium
311 1489 475 1552 invenitur
492 1487 573 1552 VIII
591 1489 622 1572 4,
641 1488 661 1550 3
682 1494 752 1552 inde
771 1491 899 1552 Hirrum
919 1495 1023 1552 cuncti
1043 1495 1103 1552 iam
1122 1509 1182 1552 non
1198 1490 1318 1566 facien·

143 1596 217 1654 dum
254 1584 317 1671 (sc.
350 1583 504 1670 aedilem)
534 1586 731 1666 stupuere,
764 1589 840 1669 post
872 1587 955 1669 apud
988 1581 1135 1650 Tacitum
1168 1585 1242 1649 hist.
1270 1585 1318 1649 IV

142 1688 189 1750 42
209 1688 289 1749 extr.
314 1690 464 1748 delatores
483 1694 513 1748 et
530 1691 682 1748 ministros
701 1705 785 1747 more
803 1690 953 1747 maiorum
967 1689 1139 1763 puniendos
1154 1689 1321 1762 siaqiiatat

142 1789 177 1848 et
201 1781 394 1848 Suetonium
414 1780 489 1846 Ner.
509 1803 534 1846 c.
553 1783 597 1845 44
616 1803 762 1845 consensu
777 1788 955 1859 flaqitantes
974 1804 993 1845 a
1013 1787 1201 1846 delatoribus
1216 1789 1319 1861 potius

141 1887 322 1946 reuocanda
342 1887 491 1959 praemia.
538 1901 601 1964 que
625 1880 662 1942 de
686 1901 720 1943 re
744 1900 803 1943 nec
826 1878 1008 1962 Draegerus
1027 1877 1059 1941 ΙΙ
1078 1901 1108 1962 p.
1126 1879 1192 1942 412
1212 1901 1236 1942 s.
1260 1899 1318 1941 nec

144 1980 291 2063 Georges
315 1975 390 2042 lex⁷
409 2000 433 2041 s.
452 1999 480 2042 v.
501 1982 648 2043 accurate
672 1980 897 2060 exposuerunt.

235 2075 282 2140 At
299 2076 397 2140 verbo
417 2082 544 2156 optandi
561 2075 752 2159 (inclinant
774 2077 920 2159 plerique
944 2075 1103 2158 aequatae,
1125 2075 1318 2158 particulam

142 2186 180 2239 ut
198 2173 366 2238 subiunxit
384 2171 466 2237 VIII
483 2175 510 2254 1,
524 2175 547 2236 4
562 2177 640 2238 extr.
660 2184 694 2237 ut
712 2175 949 2252 desunqeremur
968 2180 1087 2252 optaoi;
1105 2173 1190 2256 quod
1210 2177 1318 2236 autem
1367 2191 1370 2202 ·

143 2272 296 2335 Baiterus
320 2269 409 2334 dedit
426 2269 509 2334 VIII
528 2271 562 2354 3,
582 2272 602 2334 3
631 2278 684 2349 qui
706 2276 762 2334 titi
785 2278 863 2334 istuc
887 2277 918 2334 in
941 2281 1067 2335 mentem
1090 2277 1182 2345 uenit,
1206 2276 1321 2334 homini

146 2391 209 2432 non
232 2375 351 2448 inepto?
382 2377 466 2448 opto
490 2370 566 2448 [om.
590 2366 687 2448 Mea]
709 2373 834 2445 aliquod
856 2418 862 2429 .
883 2417 889 2430 .
910 2417 916 2429 .
937 2378 1054 2450 extare,
1074 2388 1131 2449 pro
1151 2388 1188 2429 eo
1208 2366 1318 2449 potins

149 2475 230 2530 uoto
256 2475 323 2546 utiq.
348 2476 407 2530 eat.
436 2469 570 2550 propter
596 2465 801 2548 insequentia
828 2464 927 2527 verbe
954 2470 1126 2528 cuiusmodi
1152 2471 1255 2528 veiim
1279 2514 1317 2529 ..

147 2572 271 2644 quaeru
298 2563 503 2628 scribendum
536 2585 605 2628 esse
635 2562 716 2627 vidit
739 2561 991 2644 Wesenbergius
1019 2561 1142 2625 emend.
1165 2584 1196 2644 p.
1220 2560 1262 2625 53
1286 2565 1319 2624 et

146 2662 270 2728 emend.
290 2662 347 2728 alt
366 2685 395 2745 p.
416 2661 466 2726 19.
486 2661 542 2726 cfr.
562 2659 660 2725 etiam
685 2658 883 2724 Schmalzius
907 2657 1095 2724 ‘Festschn’
1118 2683 1148 2744 p.
1168 2661 1210 2724 88
1230 2681 1254 2723 s.

236 2757 323 2825 Satis
346 2760 525 2824 insolenter
549 2757 676 2824 Caelius
700 2770 837 2840 coeptum
860 2769 904 2823 est
932 2781 1004 2823 cum
1028 2759 1188 2823 infinitivo
1213 2758 1318 2824 activo

142 2858 315 2924 coniunxit
337 2855 420 2921 VIII
444 2858 479 2941 8,
502 2859 523 2922 2
547 2865 585 2922 de
608 2865 802 2923 damnatione
821 2861 978 2937 ferventer
1001 2865 1085 2935 loqui
1106 2867 1151 2921 est
1173 2869 1318 2937 coeptum,

142 2957 237 3021 cuius
262 2977 338 3019 usus
362 2977 460 3019 unum
484 2960 610 3020 tantum
635 2959 801 3039 praeterea
824 2957 1005 3039 exemplum
1030 2958 1139 3019 extare
1161 2953 1319 3039 videtur¹)

143 3055 231 3138 apud
245 3052 386 3116 Gellium
401 3052 415 3115 I
433 3052 482 3131 11,
498 3053 518 3115 3
539 3063 735 3132 coeptumque
754 3061 784 3118 in
803 3060 916 3118 testem
926 3059 1084 3133 propredi.
1122 3075 1203 3136 quae
1219 3056 1318 3116 struc-

142 3158 220 3218 tura
240 3173 313 3215 cum
332 3172 397 3213 non
417 3150 602 3214 inveniatur
615 3151 679 3212 nisi
698 3151 731 3212 in
747 3152 853 3215 verbis
869 3151 1113 3235 deponentibus
1132 3155 1218 3216 recte
1232 3150 1319 3214 haud

144 3249 243 3314 dubie
267 3247 499 3312 Thielmannus
531 3248 656 3311 dissert.
685 3247 797 3331 philol.
820 3246 956 3330 Argent.
980 3247 1014 3310 II
1037 3270 1068 3331 p.
1092 3249 1135 3312 83
1159 3247 1231 3313 adn.
1255 3250 1275 3313 2
1299 3271 1318 3312 a

142 3349 252 3414 forma
271 3346 492 3430 deponentiali
512 3367 642 3410 causam
662 3345 730 3410 eius
748 3346 891 3430 repetiit3
910 3345 965 3411 cfr.
986 3345 1084 3410 etiam
1105 3345 1288 3431 Draegerus
1304 3346 1320 3409 I

236 3541 288 3606 Ad
312 3541 402 3608 verbi
426 3540 611 3607 ‘censendi'
636 3543 880 3608 similitudinem
904 3542 1026 3607 dictum
1050 3540 1274 3627 servulis,
1301 3544 1318 3606 1

145 3647 387 3706 transierant
418 3647 508 3704 iiiuc
540 3648 689 3705 rationem
720 3648 785 3705 eius
812 3637 1033 3727 habendamd)
1063 3641 1162 3705 simili
1194 3642 1319 3705 ratione

144 3739 279 3803 Tacitus
303 3737 431 3802 locutus
450 3741 505 3801 est
520 3759 593 3802 ann.
611 3738 627 3802 Ι
647 3738 788 3804 V4.extr.
809 3744 877 3803 tulit
895 3735 953 3826 (sc.
973 3736 1182 3825 sententiam)
1206 3745 1321 3803 absolui

143 3859 232 3902 reum
256 3841 436 3900 criminibus
458 3843 642 3911 maiestatis;
669 3836 725 3901 cfr.
749 3835 786 3900 G.
813 3835 989 3902 Muellerus
1013 3835 1093 3902 ‘Zur
1116 3835 1219 3900 Lehre
1243 3858 1318 3901 vom

144 3933 243 3998 Infin.
266 3933 312 3996 im
335 3931 426 4016 Lat',
449 3953 556 4018 progr.
577 3931 729 3998 Goerlitn.
750 3957 778 3998 a.
799 3933 894 4019 1878,
917 3957 947 4018 p.
966 3933 1021 3998 IX.

221 4119 247 4186 1)
265 4133 332 4170 nam
355 4116 430 4184 quod
454 4116 618 4170 Kuehnerus
637 4118 664 4170 ΙΙ
681 4137 708 4187 p.
726 4125 778 4174 497
803 4117 896 4170 adfert
917 4115 991 4170 Livii
1015 4115 1088 4170 illud
1105 4117 1222 4172 XXXVI
1240 4123 1283 4186 44,
1303 4124 1320 4171 4

145 4199 314 4253 tumultuari
328 4199 451 4267 priorum
469 4203 591 4266 coeptum
609 4205 660 4266 est,
683 4198 756 4250 nihil
778 4198 844 4252 inde
868 4198 964 4266 potest
986 4196 1094 4266 colligi,
1119 4197 1186 4266 quia
1204 4198 1320 4251 verbum

146 4280 313 4333 tumultuari
332 4275 495 4346 saepissime
514 4293 577 4329 cnm
600 4278 675 4347 apud
699 4280 769 4332 alios
794 4280 853 4329 tum
877 4276 953 4346 apud
971 4276 1081 4332 Livium
1100 4277 1157 4331 vim
1179 4275 1320 4347 passivam

146 4359 243 4426 habet,
263 4357 312 4411 cfr.
332 4357 438 4412 Neuius
452 4357 477 4410 II
492 4376 519 4426 p.
534 4363 586 4410 326
606 4359 635 4410 et
654 4356 843 4412 Kuehnastius
862 4374 888 4425 p.
904 4361 964 4411 347.
1241 4350 1245 4357 ’

220 4439 248 4506 2)
268 4435 316 4493 cfr.
335 4437 370 4490 de
393 4436 446 4490 hoc
469 4436 531 4490 loco
550 4435 768 4506 Wesenbergins
792 4436 899 4490 emend.
924 4437 972 4491 alt.
992 4455 1019 4506 p.
1039 4443 1073 4492 23
1092 4439 1121 4492 et
1139 4437 1213 4491 infra
1230 4455 1257 4506 p.
1277 4444 1320 4494 39.

985 4527 1108 4582 .3.
