3192 5024
654 378 869 441 „27-

171 537 335 600 ficandam
369 536 588 602 condicionem
624 538 673 599 vel
706 559 773 600 rem
807 536 919 600 eodem
952 541 1116 619 tempore,
1147 558 1211 619 quo
1246 536 1349 599 altera

170 634 291 716 incipit
317 635 401 718 fieri,
432 636 614 699 absolutam
633 633 714 698 VIII
737 636 771 718 6,
797 637 812 698 1
837 642 1017 714 simulatque
1040 641 1197 700 Dolabella
1220 640 1350 698 occessit

171 738 219 795 ull
240 738 393 817 tribuual,
422 741 622 797 introierat
645 729 800 818 (Appius)
830 739 861 795 iu
888 739 994 796 urbem
1021 738 1226 812 triumphique
1245 743 1349 812 postu-

172 837 320 893 lutiouem
344 836 555 908 abiecerat,
580 830 619 894 ad
644 852 738 915 quem
762 831 867 894 locum
892 835 977 894 reete
996 829 1166 894 adnotavit
1184 827 1349 892 Weiskius

171 926 510 1011 ‘plusquamperfecto
529 951 588 1012 pro
607 929 749 1011 perfecto
765 928 893 1012 egregie
912 928 1108 992 celeritatem
1124 932 1157 991 et
1170 927 1348 1011 praesentis

172 1025 276 1087 animi
302 1026 474 1090 eonsilium
494 1026 629 1109 exprimi
637 1025 656 1089 '.
698 1025 947 1108 frequentarunt
968 1026 1054 1090 hunc
1076 1047 1171 1090 usum
1194 1024 1349 1106 historici,

173 1145 316 1206 quorum
338 1123 466 1208 aliquot
488 1124 634 1206 exempla
656 1123 787 1207 collegit
810 1124 865 1206 qui
889 1123 1010 1206 optime
1033 1123 1072 1186 de
1094 1122 1157 1186 hae
1184 1143 1220 1184 re
1243 1122 1349 1204 dispu-

172 1221 262 1284 tavIt
283 1220 322 1286 E.
341 1221 556 1286 Hoffmannus
580 1220 626 1286 ‘d
650 1219 830 1284 Construct.
856 1219 884 1286 d.
903 1220 958 1283 lat.
978 1218 1192 1305 Zeitpartik.',
1214 1240 1245 1302 p.
1263 1220 1306 1283 23
1326 1241 1350 1282 s.

173 1317 250 1383 edit.
271 1319 327 1382 alt.

266 1413 354 1480 Satis
373 1421 486 1481 notum
502 1421 553 1482 est
570 1418 714 1482 futurum
734 1419 880 1481 exactum
902 1417 1087 1499 saepissime
1102 1416 1186 1499 apud
1201 1416 1351 1490 comicos,

173 1514 283 1578 rarius
310 1516 458 1599 intraque
487 1515 624 1579 artiores
652 1516 732 1578 fines
759 1515 844 1597 apud
872 1515 1068 1598 posteriores
1102 1515 1275 1596 scriptores
1302 1515 1349 1576 ita

174 1611 270 1695 poni,
293 1617 330 1674 ut
353 1612 555 1695 significetur
577 1612 701 1696 aliquid
729 1616 814 1675 certe
842 1612 1024 1676 confectum
1054 1612 1094 1676 iri
1121 1632 1287 1696 paeneque
1311 1611 1352 1674 ad

173 1710 273 1772 finem
305 1730 376 1772 esse
409 1710 612 1794 perductum3
643 1709 729 1790 vide,
764 1713 801 1772 ut
830 1709 957 1772 mittam
989 1710 1079 1793 elios,
1113 1707 1351 1794 Draegernml

173 1829 204 1890 p.
229 1807 297 1871 284
321 1829 345 1872 s.
373 1811 405 1870 et
435 1805 649 1872 Schmalzinm
679 1809 764 1889 synt.
790 1828 821 1887 p.
845 1805 919 1870 256.
979 1807 1089 1870 eodem
1124 1807 1219 1870 modo
1252 1806 1351 1870 etiam

174 1903 305 1968 Caelius
330 1904 456 1968 locutus
480 1909 530 1970 est
548 1903 628 1968 VIII
649 1905 702 1986 17,
727 1904 748 1966 2
772 1909 859 1968 immo
882 1911 1002 1982 reliquo
1026 1915 1200 1985 expectate:
1232 1925 1283 1968 uos
1306 1912 1349 1967 iu·

175 2010 250 2066 uites
275 2009 398 2066 euincere
416 2024 584 2082 eoeqero,
610 2000 693 2085 quod
718 2000 874 2064 sermonis
898 2001 1070 2066 familiaris
1090 2007 1122 2066 et
1140 2001 1260 2085 plebeii
1280 2023 1350 2064 esse

175 2100 270 2163 docet
295 2100 479 2164 simillimus
502 2099 646 2164 Terentii
670 2100 758 2161 locus
783 2096 900 2161 Heaut.
920 2099 963 2162 85
982 2106 1083 2178 erede,
1107 2107 1239 2177 iuquam,
1262 2105 1352 2162 milri:

176 2210 231 2260 aut
253 2206 439 2264 consolando
462 2210 516 2263 uut
544 2205 670 2262 comalio
694 2205 748 2259 eut
771 2217 817 2259 rev
830 2203 943 2262 iuuere.
989 2220 1087 2281 porro
1116 2197 1201 2280 quod
1225 2194 1352 2260 (laelius

175 2295 252 2359 ibid.
276 2296 331 2377 13,
354 2297 376 2359 2
409 2295 522 2360 scribit
549 2301 694 2374 quidnam
728 2300 776 2357 rei
802 2298 946 2372 publicae
972 2297 1113 2372 futurum
1142 2301 1193 2371 sit,
1221 2316 1352 2359 ...uos

177 2415 264 2458 senes
292 2399 400 2456 diuites
428 2400 615 2474 videritis,
642 2391 794 2474 frequens
823 2394 873 2453 est
900 2413 977 2454 usus
1005 2392 1106 2456 futuri
1135 2392 1237 2456 exacti
1262 2391 1352 2454 verbi

176 2490 262 2574 quod
292 2493 343 2553 est
370 2497 475 2554 uidere
505 2490 602 2554 etiam
634 2487 717 2572 apud
747 2486 936 2551 Ciceronem
969 2490 1129 2573 aliosque;
1166 2489 1223 2553 cfr.
1246 2489 1352 2552 Land.

175 2588 298 2673 grafius
322 2587 363 2650 ad
387 2585 452 2651 Cic.
472 2609 531 2670 pro
556 2586 649 2650 ltose.
669 2610 699 2670 p.
719 2587 792 2650 291.
838 2584 977 2650 fortasse
1000 2587 1062 2651 huc
1086 2588 1235 2670 pertinet
1252 2589 1351 2651 etiam

176 2683 257 2748 VIII
283 2683 318 2765 9,
343 2684 366 2746 4
387 2695 495 2762 qrutos
522 2697 551 2748 et
579 2689 670 2747 boues
699 2691 779 2747 uiros
807 2688 864 2746 tibi
891 2689 1087 2764 obliqaris,
1116 2684 1172 2748 sed
1199 2683 1354 2770 perfacile

181 2781 315 2844 auditur
338 2787 372 2844 iet
392 2787 420 2845 si
438 2785 562 2860 seceris,
586 2784 623 2844 ut
645 2779 720 2843 ibid.
741 2781 791 2862 16,
810 2779 832 2844 5
855 2779 983 2865 legitur,
1006 2783 1057 2846 vel
1083 2783 1187 2848 simile
1210 2782 1295 2866 quid.

266 2878 410 2958 Offendit
435 2878 701 2963 Wesenbergium
730 2876 802 2962 (cfr.
826 2879 948 2943 emend.
971 2903 1001 2964 p.
1026 2879 1350 2944 testamentus.

177 2975 287 3062 1223)
310 2981 492 3060 temporum
513 2978 592 3041 ordo
615 2998 680 3040 non
704 2979 798 3059 recte,
818 2980 854 3039 ut
875 2976 925 3040 illi
945 2977 1073 3062 quidem
1092 2977 1227 3061 videtur,
1244 2998 1353 3062 proce·

176 3077 255 3140 dens
275 3075 359 3138 VIII
384 3075 438 3156 13,
462 3077 482 3140 2
512 3081 762 3154 quemadmodum
790 3081 848 3141 tor
872 3081 1030 3156 Pompeius
1059 3083 1178 3139 laturus
1204 3083 1256 3153 sit,
1285 3097 1353 3139 eum

65 3219 70 3227 ·
177 3195 399 3253 eoquoseem
422 3170 479 3258 (sc.
502 3179 646 3257 scribam,
669 3172 742 3237 vide
764 3171 850 3236 infra
873 3174 893 3252 ἓ
917 3172 961 3258 l),
990 3195 1047 3256 pro
1073 3195 1136 3256 quo
1160 3172 1259 3236 scribi
1282 3172 1352 3235 vult

180 3295 246 3336 cum
271 3292 416 3350 coquere,
439 3277 582 3336 scribam.
629 3269 685 3334 sed
713 3268 852 3333 traditae
875 3269 1022 3333 lectionis
1047 3268 1222 3338 mutandae
1244 3291 1353 3333 neees-

181 3370 259 3431 sitas
289 3391 362 3432 mea
393 3368 520 3452 quidem
555 3369 716 3432 sententia
746 3368 836 3431 nulla
867 3372 925 3431 est.
980 3390 1054 3432 nam
1090 3369 1267 3454 neglegens
1297 3369 1354 3432 illa

183 3466 338 3530 orationis
369 3465 584 3530 conformatio
621 3469 658 3529 ut
689 3487 709 3529 a
740 3486 851 3528 severa
880 3465 951 3549 lege
987 3466 1153 3551 cogitandi
1186 3466 1353 3551 paululum

180 3564 312 3647 recedit,
341 3564 388 3628 ita
418 3565 575 3628 sermonis
609 3564 753 3648 vulgaris
781 3567 898 3627 natura
927 3564 1066 3628 efficitur
1097 3565 1239 3629 accurati
1266 3564 1354 3628 illius

179 3666 363 3746 temporum
399 3661 594 3726 discriminis
631 3661 709 3724 adeo
742 3661 910 3744 incuriosi,
942 3665 980 3726 ut
1012 3683 1079 3726 non
1117 3663 1164 3726 ita
1192 3683 1265 3726 raro
1296 3683 1355 3744 pro

179 3761 288 3824 futuro
313 3763 443 3844 exacto,
467 3758 553 3844 quod
575 3759 724 3842 postulat
746 3759 829 3822 ratio
858 3759 979 3843 logica,
1002 3782 1068 3824 non
1091 3760 1187 3824 modo
1209 3759 1354 3823 futurum

178 3858 324 3940 simplex,
350 3856 527 3920 sedetiam
552 3878 706 3939 praesens
730 3861 857 3941 tempus
882 3863 1032 3942 ponetur,
1055 3879 1137 3942 quae
1162 3857 1291 3920 licentia
1313 3877 1355 3920 ne

178 3954 318 4017 abonis
347 3953 476 4037 quidem
506 3954 719 4038 scriptoribus
748 3955 910 4020 abhorret.
956 3954 1012 4019 cfr.
1035 3954 1218 4039 Madvigius
1246 3977 1355 4038 opusc.

178 4050 310 4116 acadll
324 4072 354 4134 p.
365 4053 416 4131 80,
432 4051 642 4134 Draegernsl
659 4075 689 4135 p.
700 4053 765 4116 286
777 4076 810 4136 s,
824 4053 1032 4117 Lehmannus
1047 4051 1178 4128 Quaest.
1191 4051 1276 4118 Tull.
1285 4076 1315 4136 p.
1326 4054 1356 4118 6.

268 4147 370 4212 Recte
393 4148 530 4212 fortasse
555 4148 809 4233 Wesenbergius
833 4150 954 4214 emend.
981 4151 1035 4214 alt
1053 4174 1084 4235 p.
1103 4150 1147 4214 23
1166 4148 1246 4212 VIII
1266 4152 1316 4234 12,
1335 4151 1355 4213 3

184 4253 359 4326 compellari
380 4269 417 4310 eu
441 4254 507 4325 leqe
529 4267 576 4310 me
599 4256 808 4326 uoluerunt,
832 4271 893 4327 qua
917 4255 976 4328 ipsi
994 4255 1099 4313 dicem
1121 4270 1181 4314 uon
1197 4259 1355 4328 poteraut:

186 4349 405 4407 insolentissimi
426 4351 560 4408 homiues
580 4353 796 4424 postulandum
820 4368 866 4410 me
890 4397 895 4408 .
921 4397 927 4410 .
951 4397 958 4409 .
988 4357 1125 4409 cierunt
1152 4346 1254 4410 altere
1279 4367 1354 4429 quo·

185 4463 248 4525 qne
271 4443 339 4506 loce
365 4465 424 4525 pro
449 4443 613 4525 praesenti
637 4443 792 4508 historico
816 4444 995 4528 perfectum
1015 4455 1169 4508 curarunt
1187 4444 1356 4506 restituere
