3192 5024
727 341 943 406 -66-

254 498 332 563 VIII
352 501 380 584 8,
402 504 416 565 l
440 509 623 566 calumniam
641 508 774 565 maximo
789 510 900 581 plausu
920 511 1030 588 tulisse,
1049 505 1068 569 i.
1084 527 1110 569 e.
1129 505 1176 569 ‘d.
1190 477 1295 570 Sirafe
1309 529 1422 594 wegen

252 598 468 684 trflgeriseher
492 597 640 684 Anklage
664 599 914 685 daventrugen’,
944 602 994 665 oui
1023 602 1127 666 simile
1158 607 1207 666 esi
1236 605 1313 667 illud
1334 608 1422 683 serre

252 704 413 775 repulsam,
425 719 562 776 poenam,
577 697 615 759 de
630 720 694 781 quo
711 698 766 762 cfr.
780 698 919 782 Kalbius¹
931 699 1006 762 ‘das
1021 698 1041 763 J
1045 701 1267 765 uritenletein
1275 699 1294 784 ',
1315 722 1421 786 progr.

255 791 465 878 Nuremberg.
486 795 581 879 1886,
600 818 630 878 p.
651 797 679 859 7.

340 893 441 956 Paulo
465 892 655 957 insolentius
679 894 798 958 dietum
819 898 869 957 est
886 893 965 957 VIII
985 895 1057 978 9,l
1084 903 1178 960 ciuem
1202 904 1311 961 bonum
1335 904 1419 975 ludit,

250 987 301 1051 ‘er
321 989 417 1073 spieli
435 989 493 1053 auf
504 989 667 1055 komisehe
683 990 791 1055 Weise
806 992 867 1054 den
883 990 1066 1054 Petrioten'
1086 991 1273 1078 (Aniiburb.
1288 1020 1317 1081 p,
1332 995 1421 1081 673),

250 1109 308 1150 nee
336 1089 466 1152 omnino
496 1089 578 1152 nlius
602 1089 771 1173 quisquam
800 1089 846 1152 sio
874 1089 999 1152 loeutus
1033 1111 1103 1153 esse
1141 1090 1267 1153 videtur
1294 1097 1422 1174 praeter

250 1184 435 1269 Apuleium,
462 1207 556 1270 quem
584 1193 691 1251 ludere
713 1195 925 1266 mapistratum
948 1187 1058 1250 eedem
1084 1187 1321 1272 signifieulione
1345 1191 1421 1253 seri-

249 1283 351 1364 peisse
376 1283 510 1348 adnotet
535 1283 677 1370 Georges
701 1307 725 1350 e.
750 1307 776 1347 v.

337 1379 459 1445 Eodem
484 1403 523 1445 ex
546 1403 679 1447 numero
704 1385 779 1446 sunt
803 1382 982 1446 locutiones

337 1485 491 1558 imponere
523 1488 652 1558 aliquem
685 1487 715 1544 tn
748 1501 812 1542 rem
840 1477 921 1542 VIII
953 1480 1005 1562 17,
1036 1479 1051 1542 1
1087 1487 1175 1544 euius
1206 1487 1343 1544 amicitia
1375 1501 1421 1544 me

247 1583 408 1654 paullatim
432 1585 463 1640 in
486 1583 567 1642 hane
587 1584 741 1658 perditam
760 1599 885 1641 eausam
909 1583 1055 1657 imposuit,
1079 1577 1168 1641 euius
1192 1577 1319 1660 quidem
1343 1599 1420 1642 usus

249 1673 386 1736 alierum
412 1675 497 1759 quod
520 1697 579 1758 par
603 1676 646 1741 sil
669 1677 849 1759 exemplum
874 1674 997 1739 nullum
1021 1675 1164 1760 Invenio,
1189 1697 1288 1739 unum
1312 1679 1421 1739 eutem

249 1771 353 1834 simile
373 1775 456 1856 apud
477 1773 663 1837 Petronium
687 1773 749 1839 102
773 1781 960 1837 innocentem
985 1780 1084 1837 alieno
1100 1779 1239 1852 periculo
1259 1779 1419 1853 imponere.

338 1877 479 1935 conicere
497 1893 599 1936 uocem
616 1870 697 1935 VIII
715 1873 745 1955 4,
763 1873 785 1935 4
809 1879 840 1934 in
860 1876 1041 1951 disputanda
1060 1876 1191 1934 coniecit
1209 1877 1290 1934 illam
1310 1893 1418 1951 aoaem,

249 1989 307 2049 pro
333 1990 395 2050 quo
421 1976 536 2046 iacere,
561 1977 676 2033 inicere
698 1990 877 2046 sermonem,
901 1989 1015 2045 uanam,
1044 1969 1136 2031 simil.
1161 1968 1265 2032 dieere
1288 1991 1417 2033 eonsue-

251 2067 338 2144 reni3
361 2064 419 2128 efr.
439 2065 610 2149 Naegelsb.
631 2066 650 2128 1.
670 2066 692 2129 1,·
708 2088 738 2148 p.
757 2066 832 2129 321.

338 2161 386 2225 Ne
415 2161 494 2224 illud
517 2162 645 2245 quidem
670 2162 825 2226 usiteium
853 2167 901 2226 est
928 2162 1013 2246 quod
1041 2161 1350 2248 legiturV1111,1
1378 2187 1417 2229 ne

247 2280 344 2323 meum
363 2266 420 2323 ttae
439 2262 573 2338 officium
593 2267 792 2338 arropantiae
815 2267 1001 2340 condemnes,
1025 2261 1116 2324 ‘dass
1139 2259 1181 2324 du
1205 2262 1291 2325 diese
1315 2262 1417 2324 meino

249 2356 507 2441 Diensileistung
526 2356 616 2421 nieht
635 2357 690 2421 der
710 2357 916 2444 Anmassung
935 2357 1084 2443 neihem'3
1106 2359 1314 2441 nequeenim
1335 2359 1419 2422 solet

248 2454 310 2517 diei
338 2459 541 2519 condemnare
569 2460 689 2532 aliquid
715 2461 846 2522 alieuius
874 2466 933 2538 rei,
963 2459 1017 2522 sed
1048 2461 1103 2522 ant
1131 2464 1259 2534 aliquem
1287 2463 1419 2520 alieuius

248 2559 296 2616 rei
318 2555 374 2616 aui
397 2553 502 2616 solum
527 2558 660 2630 aliquid;
683 2550 740 2616 efr.
759 2552 904 2619 Klotzius
929 2560 986 2622 art.
1006 2558 1062 2620 lat.
1081 2579 1111 2638 p.
1132 2555 1182 2619 64.

336 2649 407 2713 Hae
431 2649 611 2714 locutiones
640 2649 724 2733 opud
749 2651 851 2714 solum
881 2653 1009 2737 quidem
1032 2650 1417 2737 Caelium'inveniuntur,

248 2769 351 2831 neque
374 2749 484 2811 temen
508 2769 622 2831 perse
647 2747 768 2811 hebeni
791 2751 961 2834 quiequam
986 2748 1221 2816 admireiionie:

339 2852 475 2910 incidere
506 2852 537 2909 in
568 2850 679 2908 nodum
704 2842 785 2908 VIII
816 2846 869 2928 11,
906 2846 920 2909 1
960 2854 1166 2910 incideramus
1198 2853 1229 2909 in
1263 2848 1418 2924 difficilem

251 2950 378 3018 nodum;
407 2944 452 3007 sie
479 2943 565 3006 haud
593 2965 666 3007 raro
689 2949 786 3007 nodus
814 2943 1021 3028 transfertur,
1043 2946 1132 3008 velut
1157 2967 1175 3006 a
1200 2941 1354 3008 Cicerone
1378 2945 1416 3008 ad

252 3041 447 3120 auvil,
471 3043 490 3107 3
520 3049 590 3105 dum
617 3047 669 3105 lu'e
691 3048 788 3106 nodus
811 3047 1006 3121 expediatur,
1035 3043 1067 3106 in
1097 3042 1189 3124 epist.
1220 3041 1258 3104 ud
1286 3041 1376 3104 Brut.
1399 3039 1416 3103 I

254 3141 306 3223 18,
326 3141 347 3204 5
370 3146 520 3203 maximus
539 3189 545 3202 .
566 3191 572 3202 .
593 3146 737 3205 ..nodus
760 3150 805 3204 est
828 3145 930 3219 inopia
953 3147 1002 3204 rei
1024 3142 1259 3218 frumentariae,
1283 3160 1302 3202 a
1326 3138 1417 3202 Iuve-

251 3241 322 3302 nale
347 3240 380 3320 8,
404 3239 447 3304 50
475 3244 552 3302 iuris
575 3245 668 3303 nodas
691 3249 721 3304 et
742 3247 841 3317 tepum
864 3245 1038 3315 aenipmata
1060 3243 1192 3311 solaere;
1219 3235 1275 3301 eir.
1298 3235 1359 3298 lex.
1383 3239 1417 3301 et

250 3336 360 3400 Antib.
379 3359 402 3400 e.
422 3359 451 3402 v.

338 3440 485 3511 beneficia
499 3442 615 3498 soluere
628 3433 707 3498 VIII
723 3435 773 3518 12,
791 3436 805 3497 1
827 3453 939 3511 mapna
958 3438 1032 3498 nitu
1049 3436 1176 3499 debebat
1194 3437 1349 3509 beneficia,
1364 3482 1371 3497 .
1386 3482 1414 3496 ..

249 3543 278 3595 et
301 3554 368 3596 eum
391 3539 477 3596 trama
496 3554 610 3596 auarus
629 3545 663 3598 ut
681 3556 717 3598 ea
735 3540 863 3599 solueret
881 3537 941 3595 sibi
958 3539 1110 3612 imperare
1128 3552 1187 3594 non
1202 3542 1311 3608 posset,
1330 3531 1415 3616 quod

250 3631 288 3694 ad
319 3631 434 3694 talium
464 3630 661 3696 locutionum
694 3630 935 3695 similitudinem
966 3629 1087 3694 dietum
1120 3632 1170 3690 est
1200 3627 1311 3709 quales
1342 3631 1417 3692 suni

249 3736 364 3794 soluere
383 3741 458 3808 uota,
479 3735 580 3807 fidam,
599 3751 637 3793 ea
656 3751 734 3807 quae
750 3735 902 3808 pollicitus
921 3751 960 3808 es,
984 3726 1094 3808 simil.;
1118 3724 1216 3787 verbo
1235 3723 1415 3810 composito

248 3833 423 3891 ensaluendi
459 3827 569 3891 eadem
608 3827 840 3910 significatione
877 3825 979 3888 utitur
1022 3823 1152 3888 Taeiius
1185 3843 1259 3886 ann.
1291 3821 1339 3888 IV
1374 3825 1413 3888 18

248 3930 396 4000 beneficia
424 3947 458 3988 eo
486 3946 581 4002 usque
608 3931 688 3988 laeta
716 3935 797 4002 sunt,
826 3931 896 3987 dum
924 3928 1066 3986 uidentur
1094 3925 1209 3984 exsolvi
1231 3941 1336 3998 possm
1358 3919 1415 3990 afr.

247 4022 345 4086 enam
370 4021 550 4105 nraegerus
574 4019 683 4104 ‘sym
702 4043 732 4085 u.
752 4020 812 4085 sn
832 4001 862 4084 ri
880 4017 994 4084 rare
1013 4042 1043 4102 p.
1067 4019 1128 4081 114
1152 4016 1225 4080 eru.
1245 4022 1319 4083 een

332 4125 516 4184 auditionem
540 4126 683 4199 accipere
706 4116 786 4183 VIII
806 4121 834 4198 1,
853 4118 874 4182 2
897 4139 936 4181 ne
958 4123 1160 4181 tenuissimam
1183 4122 1302 4193 quidam
1326 4125 1413 4182 audi·

243 4225 353 4282 tionem
372 4224 410 4282 de
429 4239 466 4280 aa
485 4239 520 4280 re
539 4224 653 4296 accepi,
680 4239 773 4298 quam
798 4216 994 4290 locutionem
1019 4212 1109 4278 nulla
1133 4235 1228 4277 cause
1247 4211 1413 4279 Manutius

243 4314 282 4377 ed
307 4315 336 4378 h.
362 4316 381 4377 1.
406 4323 442 4377 ut
466 4314 627 4378 duriorem
652 4319 684 4377 ei
707 4314 920 4378 horridiorem
949 4312 1169 4396 reprehendit3
1197 4328 1272 4372 nam
1296 4319 1412 4377 auditio

244 4411 293 4472 vel
320 4412 360 4474 ab
385 4411 518 4494 optimis
543 4412 764 4495 scriptoribnS,
788 4417 824 4476 ut
844 4410 997 4474 Cicerone
1016 4414 1048 4472 ei
1067 4407 1213 4490 Caesare,
1234 4408 1263 4471 vi
1282 4411 1413 4492 passive
