3192 5024
746 326 959 389 ,60-

763 589 869 674 Oaput
886 589 942 655 IV.

692 739 737 808 De
766 737 1006 809 locutionibus.

355 874 571 939 Familiariter
595 875 789 938 blandientis
814 878 889 938 sunt
909 874 1006 938 verba
1028 882 1142 938 melae
1162 881 1301 953 deliciae,
1323 871 1440 956 quibus
1565 885 1572 976 1

268 993 324 1054 per
347 972 452 1036 ioeum
476 973 578 1037 utitur
602 971 728 1038 Caelius
748 972 828 1037 VIII
848 973 919 1054 8,1
949 977 979 1036 C.
999 975 1209 1051 Semproniam
1233 973 1361 1052 Rasum,
1386 975 1445 1032 rael

267 1092 305 1134 ae
333 1076 459 1134 delicias
487 1081 572 1146 taas,·
601 1072 847 1154 frequentantur
874 1070 934 1132 hae
964 1069 1149 1152 similesque
1176 1069 1377 1148 locutiones,
1406 1066 1442 1126 ut

266 1189 325 1250 par
349 1171 406 1245 est,
431 1168 515 1251 apud
539 1169 689 1248 comicos,
713 1191 846 1252 quorum
870 1166 1015 1249 exempla
1040 1167 1239 1250 collegerunt
1263 1161 1442 1228 Loreneius
1571 1183 1572 1222 1

267 1263 307 1327 ad
326 1264 430 1328 Plaut.
450 1265 546 1331 Most.
566 1267 631 1332 312
651 1270 684 1329 et
708 1264 820 1350 Pseud.
843 1266 916 1348 174,
940 1263 1130 1347 Spengelius
1155 1265 1195 1327 ad
1215 1263 1347 1328 TrueuI.
1367 1260 1442 1335 921,

267 1360 522 1446 adhibeaturque
547 1363 687 1446 omnino,
710 1361 766 1426 ubi
790 1362 829 1425 ad
854 1383 1033 1427 sermonem
1057 1361 1252 1426 familiarem
1272 1357 1443 1424 deseendit
1563 1379 1572 1414 .’

267 1459 380 1542 oratio,
403 1460 487 1524 unde
507 1461 591 1526 haud
611 1483 703 1526 rarae
722 1461 850 1525 suntin
869 1460 1016 1544 epistulis
1037 1457 1211 1540 Ciceronis,
1230 1465 1267 1526 ut
1282 1458 1323 1524 ad
1339 1454 1441 1522 Attl

266 1557 296 1639 5,
315 1559 351 1640 8;
370 1559 400 1643 8,
422 1559 452 1640 3,
476 1558 515 1620 ad
535 1559 609 1624 fam.
629 1557 693 1622 VII
716 1559 743 1639 1,
764 1560 794 1641 2,
823 1559 907 1644 apud
931 1559 1096 1624 Catullum
1115 1557 1148 1621 II
1169 1558 1196 1642 1,
1220 1558 1270 1622 III
1294 1559 1326 1641 4,
1345 1555 1395 1620 VI
1416 1555 1444 1635 1,
1570 1589 1572 1654 j

265 1654 392 1719 XXXII
402 1656 422 1718 2
434 1653 532 1740 (areae
547 1663 684 1734 deliciae,
699 1665 759 1722 mei
772 1655 912 1741 lepores),
927 1659 1021 1740 ali0s3
1038 1657 1094 1721 afr.
1105 1655 1253 1740 Meyerus
1268 1659 1289 1720 l.
1303 1656 1324 1719 l.
1343 1677 1376 1737 p.
1391 1651 1442 1716 50.
1571 1667 1572 1705 ῑ

353 1752 403 1818 Ex
432 1774 520 1818 more
549 1754 634 1818 vitae
662 1755 858 1820 cottidianae
887 1755 1007 1819 dietum
1037 1759 1088 1820 est
1114 1761 1189 1820 miti
1215 1761 1371 1834 nepotiane
1399 1758 1445 1814 est
1571 1769 1572 1778 ³

265 1871 333 1914 eam
353 1858 455 1930 aliquo
469 1851 552 1916 VIII
567 1852 630 1934 8,9
658 1858 796 1932 Pompeio
816 1875 884 1918 eura
907 1858 1040 1918 Caesare
1060 1875 1124 1918 esse
1138 1860 1308 1932 nepotiana
1328 1848 1443 1914 eodem

265 1948 360 2012 modo
385 1947 493 2031 Nepos
513 1948 592 2013 XIV
613 1950 645 2030 7,
668 1951 682 2012 1
708 1956 769 2013 sibi
790 1971 859 2014 0000
882 1957 948 2014 aira
973 1953 1052 2028 forti
1078 1973 1116 2014 ae
1139 1961 1263 2014 sireaao
1287 1953 1444 2026 aeaatiara

265 2067 328 2109 esse
352 2048 384 2108 et
407 2045 538 2110 Tacitus
562 2047 680 2129 dialog.
709 2048 746 2110 18
772 2050 849 2109 extr.
873 2069 954 2110 auae
981 2053 1056 2110 milri
1083 2067 1151 2110 eura
1174 2053 1325 2111 aaiaersis
1350 2064 1442 2120 aeae·
1571 2071 1572 2074 ¹

265 2149 338 2205 tiara
372 2152 429 2220 est,
466 2164 525 2206 nee
559 2143 796 2227 significatione
828 2143 934 2208 differt
968 2145 1050 2228 quod
1086 2143 1286 2228 frequentius
1320 2140 1443 2225 legitur
1571 2149 1572 2172 ¹

264 2244 339 2304 milri
355 2261 406 2303 res
425 2251 469 2304 est
487 2261 555 2304 cara
579 2239 730 2325 aliqaqde
754 2261 817 2323 quo
841 2239 897 2305 cfr.
917 2241 1116 2307 Sehmalzius
1136 2239 1325 2305 ‘Festsohn’
1345 2262 1377 2322 p.
1398 2236 1440 2300 97

264 2340 297 2402 et
320 2335 463 2423 Georges
488 2336 639 2402 Bursiani
663 2339 768 2403 annal.
788 2338 898 2422 philol.
916 2338 980 2402 XII
998 2361 1028 2422 p.
1049 2339 1121 2403 113.

355 2435 509 2520 Vulgaris
525 2437 650 2509 loeutio
670 2440 720 2501 est
733 2435 815 2502 VIII
835 2437 865 2519 9,
887 2438 903 2500 1
924 2444 1005 2501 risus
1021 2439 1121 2515 feeit
1138 2457 1196 2519 pro
1212 2442 1292 2500 risus
1311 2443 1440 2508 maaet,

264 2540 392 2617 exeitat3
425 2535 507 2617 solet
535 2534 686 2599 nImirum
716 2536 831 2618 vulgus
860 2536 1010 2620 generale
1040 2535 1172 2599 verbum
1198 2537 1341 2613 saeieadi
1370 2532 1439 2596 loeo

263 2631 352 2694 verbi
380 2631 503 2713 proprii
531 2654 603 2696 eum
642 2632 853 2697 substantias
885 2633 1091 2716 coniungere3
1125 2631 1182 2695 afr.
1206 2631 1440 2696 Thi'elmannus

265 2731 371 2794 annal.
390 2751 537 2815 gymnas.
556 2728 672 2793 Bavar.
691 2729 771 2794 XVI
790 2753 819 2812 p.
839 2731 904 2794 206
928 2735 961 2792 et
983 2728 1196 2814 Landgrafius
1220 2729 1296 2793 ibid.
1315 2753 1348 2813 p.
1364 2725 1439 2792 320.

352 2827 475 2892 Eladem
504 2829 554 2890 est
581 2826 727 2890 condicio
754 2827 927 2890 locutionis
955 2837 1064 2891 aretam
1094 2832 1208 2892 tabere
1230 2825 1312 2890 VIII
1341 2827 1396 2905 10,
1421 2823 1437 2886 1

264 2945 319 3002 eae
342 2931 462 3002 quidem
482 2930 685 3004 praeeipuam
708 2934 816 2988 metam
839 2929 947 3003 habai,
971 2945 1108 3006 quaeum
1133 2928 1207 3008 apte
1231 2925 1440 2990 conferentur

264 3019 393 3086 Sallust.
408 3022 482 3086 hist.
497 3022 612 3104 fragm.
628 3021 642 3083 I
658 3021 709 3104 49,
728 3022 767 3086 10
782 3021 820 3086 Κ.
836 3027 994 3087 habeadus
1013 3033 1108 3086 melas
1127 3032 1172 3086 est
1190 3033 1243 3085 aar
1258 3025 1439 3100 faciundas,

264 3117 328 3184 010.
348 3143 377 3202 p.
396 3119 463 3186 Mil.
481 3120 503 3183 4
526 3126 675 3196 timorem,
699 3125 728 3183 si
748 3140 835 3197 quera
858 3124 984 3197 daberis,
1008 3126 1155 3198 deponite,
1179 3117 1259 3201 Nep.
1278 3118 1344 3183 VII
1364 3119 1399 3200 3,
1418 3114 1438 3180 5

263 3238 322 3281 aaa
352 3225 446 3282 solam
474 3237 555 3296 spem
584 3223 614 3279 ia
645 3237 679 3280 eo
706 3221 858 3280 habehant
890 3224 1067 3294 maximam,
1095 3223 1150 3280 sed
1182 3223 1272 3280 etiam
1301 3224 1438 3281 timorem

263 3313 333 3396 (afr.
362 3313 550 3397 Nipperdeii
578 3312 688 3377 adnot.
716 3312 756 3375 ad
781 3311 810 3377 V
834 3314 868 3396 2,
894 3311 941 3400 1),
964 3313 1089 3377 Vitruv.
1113 3313 1129 3376 I
1157 3314 1297 3396 praef3
1330 3326 1365 3378 at
1397 3316 1441 3375 ad

263 3418 377 3475 exilara
392 3418 472 3476 ailae
486 3433 546 3475 aaa
561 3416 704 3475 haberem
720 3417 840 3490 inopiae
860 3418 1012 3485 timorem
1031 3411 1085 3474 cfr.
1106 3411 1202 3476 etiam
1222 3410 1436 3493 Landgrafius

264 3510 284 3574 l.
304 3510 322 3572 l.
341 3531 372 3592 p.
391 3509 454 3572 327
480 3511 513 3571 et
536 3507 770 3572 Thielmannus
798 3506 867 3572 ‘das
892 3509 1024 3573 verbum
1052 3508 1128 3572 dare
1151 3509 1196 3573 im
1224 3507 1320 3590 Lat',
1350 3508 1437 3590 Lips.

269 3607 362 3684 1882,
385 3629 416 3689 p.
435 3606 486 3670 36.

351 3703 378 3768 E
404 3724 551 3768 sermone
575 3701 727 3766 familiari
750 3703 843 3768 fluxit
866 3704 951 3788 quod
973 3703 1082 3788 posuit
1104 3702 1231 3768 Caelius
1251 3701 1332 3767 VIII
1349 3700 1433 3784 15,1

263 3808 316 3879 qai
335 3811 436 3865 lanias
455 3805 561 3864 turbas
580 3850 587 3862 .
607 3849 614 3862 .
635 3851 642 3864 .
661 3808 834 3876 summaria
857 3802 1018 3866 simillime
1038 3803 1122 3865 enim
1143 3802 1256 3865 comici
1276 3800 1436 3880 locuntur,

255 3899 352 3962 uelut
376 3897 510 3962 Plautus
535 3897 650 3962 Bacch.
673 3898 755 3962 1057
781 3909 882 3964 tantas
902 3905 1047 3963 turbellas
1063 3902 1158 3977 saeio,
1181 3899 1257 3963 ibid.
1277 3898 1339 3961 357
1360 3916 1436 3976 qaas

263 4018 319 4075 eae
347 4003 398 4061 irie
425 4002 531 4060 tardas
560 4002 652 4075 dabo,
680 3995 721 4059 id.
750 3995 835 4060 Pers.
861 3997 890 4061 V
915 3997 949 4079 2,
974 3997 1016 4061 70
1048 4019 1125 4074 qaas
1153 4003 1259 4061 tardas
1289 4001 1435 4069 daaaaiI,

262 4092 430 4158 Terentius
455 4093 537 4159 Eun.
563 4094 627 4159 053
656 4115 732 4172 qaas
760 4099 866 4158 turbas
895 4101 990 4173 dedit,
1019 4091 1178 4158 Caecilius
1203 4117 1231 4156 v.
1259 4094 1318 4158 101
1339 4092 1435 4156 Ribb.

263 4200 372 4256 rairaar
400 4199 477 4256 adeo
510 4199 571 4255 aisi
599 4194 703 4270 frater
736 4199 817 4256 domi
847 4199 968 4256 tartara
999 4198 1132 4269 aliquam
1169 4196 1288 4253 dederit
1324 4195 1435 4264 ebriae,

262 4290 403 4373 itemque
436 4288 548 4354 010010
580 4288 671 4352 Verr.
702 4288 730 4351 V
760 4290 796 4352 31
839 4293 940 4354 Tertia
965 4338 1078 4352 .....
1107 4292 1256 4350 maximas
1290 4291 1321 4348 ia
1350 4291 1435 4348 isiias

263 4393 375 4450 eastris
395 4391 532 4465 effecisse
551 4393 666 4450 dieilar
681 4392 804 4460 tartas;
828 4387 882 4452 cfr.
903 4389 1001 4451 etiam
1018 4384 1248 4448 Thielmannus
1267 4381 1288 4445 l.
1304 4382 1324 4447 l.
1338 4406 1368 4466 p.
1383 4380 1434 4446 34.
