3192 5024
725 337 939 402 ..68-

336 497 417 564 Cum
445 497 527 564 VIII
544 499 614 584 4‚2
643 506 761 564 r‘nr'lium
789 510 819 564 et
854 521 950 564 causa
978 503 1053 583 apte
1080 499 1285 565 conferentur
1311 497 1417 564 Taciti

247 597 322 664 hist
341 598 373 662 Il
398 599 442 664 52
472 621 597 664 oausam
631 611 660 664 e!
687 606 818 678 inituim,
851 599 927 662 ibid.
949 595 1034 662 IVl
1064 606 1182 664 inillam
1312 621 1418 678 causo,

248 699 353 762 annal.
376 697 391 762 Ι
414 699 456 762 27
485 720 581 762 eausa
606 750 639 762 ..
662 710 691 762 et
719 704 850 774 initium,
873 696 980 760 Germ.
999 697 1019 760 9
1043 719 1138 761 11111
1162 711 1191 762 et
1213 706 1300 778 oripo
1325 697 1417 782 (item

246 793 359 860 lustin.
384 795 463 859 VIII
485 799 517 878 1,
540 797 562 860 4
589 800 623 860 et
653 795 700 860 XI
719 795 754 876 7,
772 795 822 876 5),
849 795 915 858 alia
943 816 1024 878 quae
1051 796 1182 880 collegit
1211 796 1418 860 Woelffliuus

245 892 361 957 Philol.
385 894 446 958 vol.
464 892 557 957 XXV
571 917 601 978 p.
621 895 685 958 133
708 897 741 956 et
762 891 871 956 XXIX
889 916 919 976 p.
937 892 1012 956 558.

335 998 429 1058 benus
461 1005 490 1056 et
515 1003 658 1056 strenuus
690 991 854 1074 copulavit
880 988 1009 1054 Caelius
1037 990 1117 1056 VHI
1140 993 1215 1076 9,4
1246 997 1354 1056 bouum
1388 1005 1418 1056 e!

245 1103 402 1155 strenuum
424 1097 664 1164 adulescentem
686 1112 767 1173 quae
790 1090 975 1154 coniunctio
994 1089 1121 1154 videtur
1146 1089 1319 1152 admodum
1342 1112 1418 1154 rara

247 1209 332 1272 esse,
359 1209 462 1273 neque
489 1188 565 1252 novi
588 1189 652 1252 uisi
674 1209 774 1252 uuum
799 1188 868 1250 eius
896 1187 1079 1272 exemplum
1107 1187 1192 1270 apud
1216 1183 1418 1265 Sallustium,

247 1287 302 1369 qui
319 1285 389 1372 Iug.
408 1287 462 1368 23,
479 1287 500 1351 3
524 1285 677 1350 adverbia
696 1292 770 1350 beree
793 1297 885 1363 alque
906 1297 1031 1350 strenue
1053 1284 1226 1350 coniunxit.
1264 1285 1416 1348 nimirum

245 1385 426 1469 legitimum
455 1389 504 1447 est
532 1389 565 1447 et
592 1384 684 1468 quasi
713 1385 746 1446 in
775 1382 947 1447 formulam
972 1383 1053 1446 abiit
1076 1385 1169 1462 sortes
1191 1393 1221 1445 e!
1248 1387 1343 1446 bonus
1366 1383 1416 1446 vel

242 1484 335 1561 sertas
358 1494 387 1548 et
409 1495 570 1557 strenuus;
593 1481 649 1545 etr.
667 1481 835 1546 Bentleius
855 1481 894 1544 ad
913 1481 1026 1546 Horat.
1046 1503 1070 1545 e.
1089 1479 1137 1544 IV
1156 1481 1187 1564 4,
1206 1479 1258 1564 29,
1277 1479 1416 1544 Orellius

244 1579 282 1642 ad
307 1579 406 1644 eiusd
431 1601 479 1662 ep.
504 1579 520 1642 I
545 1580 574 1658 I,
592 1580 645 1644 46.

333 1675 459 1741 Pariter
482 1681 576 1762 atque
601 1676 730 1742 Caelius
753 1675 835 1739 VIII
853 1677 883 1759 9,
902 1678 923 1741 3
951 1673 1056 1763 (eura)
1085 1681 1259 1755 imperandi
1280 1687 1309 1740 et
1330 1697 1415 1740 mua·

244 1780 342 1838 dandi
354 1772 465 1864 Cicero
479 1797 605 1859 quoque
625 1776 723 1838 verba
738 1797 920 1858 synonyma
932 1776 1035 1840 nectit
1047 1773 1137 1838 Verr.
1152 1771 1200 1837 IV
1220 1773 1260 1836 17
1277 1781 1320 1837 ito
1336 1781 1414 1840 euim

244 1879 419 1937 mundatum
434 1885 525 1952 alque
539 1881 719 1954 imperatum
733 1885 793 1946 esu
812 1871 876 1936 alia
894 1872 927 1935 id
941 1893 1041 1957 genus
1056 1871 1205 1954 exempla
1219 1893 1281 1934 non
1296 1873 1413 1938 inveni

336 1971 516 2035 Proverbiis
539 1971 728 2034 formulisve
751 1971 1005 2052 proverbialibus
1030 1971 1131 2034 utitur
1154 1967 1281 2034 Caelius
1305 1969 1370 2036 bis:

332 2068 413 2132 VIII
434 2068 524 2152 14,4
546 2088 709 2145 numquam
732 2072 802 2129 tior·
824 2075 924 2130 oculi
946 2075 1162 2146 doluissent,
1185 2076 1214 2132 si
1236 2076 1267 2132 in
1289 2076 1414 2148 repulso

244 2171 369 2230 Domitii
398 2174 510 2230 uultum
542 2172 684 2239 uidissem
714 2164 877 2246 proverbii
910 2166 996 2230 enim
1028 2166 1098 2230 looo
1133 2166 1195 2230 diei
1224 2165 1306 2230 solet
1331 2176 1416 2232 11111

244 2271 344 2328 dolent
367 2272 464 2330 alicui
481 2265 519 2328 de
539 2286 586 2346 eo,
610 2264 664 2346 qui
687 2285 755 2326 rem
774 2263 946 2328 molestam
965 2267 998 2330 et
1015 2263 1161 2328 odiosam
1189 2263 1300 2348 ceruit,
1323 2263 1415 2328 velut

244 2386 262 2426 a
282 2360 399 2428 Plauto
419 2363 515 2427 Most.
534 2362 597 2426 891
619 2367 686 2445 vob,
710 2369 791 2425 oculi
809 2369 926 2436 dolent·
948 2369 1045 2442 quor?
1067 2370 1141 2440 quia
1156 2365 1260 2440 stemus
1274 2370 1413 2426 molestus

245 2460 317 2547 (cfr.
334 2460 508 2526 Loreuzius
529 2461 569 2523 ad
587 2460 618 2523 h.
638 2456 683 2546 1.),
702 2464 733 2522 et
753 2482 773 2523 1
791 2459 941 2524 Terentio
960 2458 1088 2524 Phorm.
1111 2460 1194 2524 1052
1215 2467 1262 2523 riu
1278 2468 1411 2540 primum

105 2601 121 2632 .
241 2567 330 2624 bodie
345 2563 462 2642 secere,
480 2566 561 2638 quod
579 2580 634 2637 epo
650 2565 803 2636 perideum
822 2609 873 2623 ...
892 2570 921 2622 et
939 2565 1089 2637 11111111
1107 2565 1173 2622 uiro
1191 2565 1274 2622 oculi
1290 2565 1412 2622 dolent?

241 2658 312 2722 vide
336 2657 560 2720 Ruhnkeuium
585 2655 718 2719 111111.

328 2753 409 2818 VIII
431 2755 481 2837 16,
499 2753 520 2818 5
539 2750 678 2838 (cogita)
701 2777 739 2817 ue
758 2764 786 2817 te
808 2760 928 2816 sciens
947 2760 1186 2834 prudensque
1209 2775 1244 2816 eo
1262 2760 1409 2844 demittas,

241 2860 322 2917 uude
335 2859 450 2916 exitum
465 2858 548 2915 uides
562 2858 675 2936 nullum
690 2873 762 2929 esse,
781 2871 918 2934 quocum
934 2849 1143 2915 conferantur
1156 2853 1254 2934 poeta
1267 2852 1410 2919 incertus

240 2973 289 3033 ap.
313 2947 378 3014 Cio.
411 2948 451 3014 ad
480 2948 555 3012 fam.
578 2945 625 3012 VI
650 2949 683 3032 6,
709 2948 729 3012 6
760 2945 802 3034 (v.
830 2948 999 3012 Ribbeokii
1033 2954 1116 3035 trag.
1149 2951 1263 3035 fragm.
1290 2976 1321 3038 p.
1343 2954 1408 3018 256

239 3045 424 3130 LXXVIII)
443 3053 581 3128 prudeus
606 3057 635 3110 et
657 3053 756 3110 sciens
779 3053 822 3110 ud
839 3057 952 3126 pestem
976 3059 1047 3111 aule
1070 3056 1172 3113 oeulos
1191 3058 1321 3128 positum
1343 3075 1409 3117 sum

236 3149 406 3227 prefectus,
434 3143 602 3208 Terentius
631 3142 714 3207 Eun.
739 3145 777 3209 71
806 3151 956 3227 prudens,
988 3153 1100 3223 serens,
1133 3153 1217 3210 11111
1247 3155 1410 3228 vidensque

236 3266 339 3324 pere0,
363 3243 474 3309 Cicero
490 3241 632 3328 pltare.
650 3243 690 3306 14
704 3249 842 3323 prudens
856 3256 885 3308 et
903 3251 1001 3307 sciens
1016 3253 1168 3321 tamquam
1188 3251 1231 3308 ced
1253 3253 1407 3312 1111111111

239 3364 360 3408 ruerem
387 3349 604 3420 uoluntarium,
634 3340 699 3405 alii.
745 3341 905 3423 copiosius
938 3342 976 3404 de
1009 3340 1069 3404 hae
1101 3341 1241 3407 formula
1273 3351 1408 3428 egerunt

238 3439 448 3524 Landgrafius
482 3439 589 3504 annal.
619 3459 766 3523 gymnas.
794 3438 908 3504 Bavar.
936 3438 1014 3502 XVI
1038 3463 1066 3522 p.
1091 3442 1170 3520 318,
1198 3441 1239 3504 id.
1273 3442 1311 3505 ad
1340 3440 1406 3508 Cio.
1472 3497 1474 3504 .

237 3559 296 3622 pro
315 3536 411 3604 Roso.
430 3539 501 3602 Am.
515 3561 546 3622 p.
560 3537 635 3620 242,
655 3535 822 3601 Preussius
841 3538 861 3602 l.
880 3537 900 3601 l.
920 3561 950 3620 p.
971 3537 1048 3622 1053
1068 3537 1124 3602 ofr.
1143 3540 1240 3605 etiam
1257 3538 1406 3625 Meyerus

325 3733 377 3798 Ad
404 3733 648 3821 proverbiorum
671 3733 916 3798 similitudinem
940 3732 1060 3798 dietum
1090 3733 1215 3798 videtur
1234 3734 1315 3799 VIII
1335 3735 1364 3818 5,
1384 3737 1405 3801 3

235 3856 309 3898 strue
331 3844 484 3912 tamquam
513 3839 544 3896 iu
572 3839 702 3910 quodum
727 3839 812 3895 111111
838 3839 898 3895 iam
921 3839 1022 3896 omnio
1050 3837 1273 3908 adhaese-unm
1301 3856 1404 3918 neque

236 3933 321 3995 enim
347 3932 482 3995 multum
504 3929 611 3994 differt
633 3927 695 3994 hoo
714 3949 815 4013 genus
839 3930 989 4014 loquendi
1014 3952 1032 3992 a
1052 3929 1245 3994 comicorum
1265 3931 1320 3995 illo
1344 3956 1403 4017 res,

234 4036 385 4108 nepotium
400 4035 515 4106 haeret,
530 4027 645 4111 dequo
661 4026 812 4091 dixenmt
825 4025 849 4089 l.
865 4025 1058 4112 Pfluegelius
1074 4024 1115 4092 ‘d
1134 4028 1188 4093 lat.
1205 4026 1403 4111 Spriohwort

235 4127 264 4192 b.
287 4127 391 4191 Plaut.
412 4151 439 4191 u.
464 4124 556 4212 Ter.',
579 4147 687 4212 progr.
707 4123 893 4210 straubing.
919 4147 945 4190 a.
973 4126 1067 4209 1880,
1089 4149 1120 4210 p.
1141 4126 1192 4210 14,
1215 4125 1342 4192 Brixius
1362 4131 1402 4194 ad

233 4223 414 4307 11111904,
439 4224 610 4290 Lorenzius
630 4225 671 4288 ad
690 4223 802 4290 Pseud.
822 4223 898 4307 403,
923 4227 979 4287 aut
997 4224 1038 4287 ab
1058 4245 1105 4305 eo,
1130 4225 1214 4307 quod
1234 4225 1311 4290 Item
1331 4229 1400 4290 vul-

234 4323 319 4402 garis
331 4323 486 4386 sermonis
498 4328 557 4406 est,
571 4329 701 4387 tuerere
716 4330 746 4386 eb
761 4330 832 4402 luto,
842 4343 945 4400 eueuo,
958 4322 1047 4384 ouius
1065 4322 1237 4385 locutionis
1253 4327 1401 4410 exempla

233 4421 333 4483 multu
354 4424 428 4502 post
449 4419 673 4484 lbrhnkenium
692 4418 747 4507 (ad
762 4420 831 4484 Ter.
848 4419 975 4483 Phorm.
993 4418 1022 4481 V
1039 4420 1069 4500 2,
1089 4417 1141 4504 15)
1162 4421 1195 4481 et
1209 4418 1399 4488 Lorouuium
