3192 5024
643 357 856 424 -65..

164 545 197 588 se
231 521 353 605 scripta
380 520 449 586 viss
478 520 556 604 sint,
589 542 626 585 ee
658 519 692 584 in
720 515 940 602 respondendo
974 516 1065 602 qussi
1094 514 1247 602 corrigat3
1276 514 1331 580 cfr.

164 621 362 688 Sohnrulzius
387 620 493 686 annal.
522 641 666 705 gymnas.
692 617 795 682 Berol.
820 617 839 682 l.
864 617 936 700 lp.
963 616 1022 680 101
1049 639 1081 700 s,
1108 615 1169 680 127
1195 613 1331 678 1111111-

164 737 302 785 mannus
326 718 456 794 Quaest
475 718 557 784 Tull.
577 742 606 802 p.
626 719 668 782 39
688 741 712 781 s.

253 815 376 881 Eodem
406 817 500 882 modo
530 801 666 882 Caelius
686 816 825 900 simplici
849 815 946 879 verbo
970 819 1107 894 ponendi
1133 813 1234 876 utitur
1252 809 1333 876 VIII

167 917 221 998 12,
245 915 264 979 3
289 911 354 1001 (ut)
378 921 452 980 mihi
474 927 623 996 ponerent
646 925 869 989 accusatorem,
893 932 965 974 cum
989 909 1173 975 Tullianum
1201 904 1244 972 sit
1272 915 1333 972 ad·

161 1035 275 1094 ponere
301 1025 519 1092 accusatorem,
543 1017 580 1078 ut
599 1035 636 1076 ex
654 1011 744 1076 Verr.
763 1009 810 1074 IV
829 1010 872 1073 40
891 1005 977 1094 (vide
996 1007 1161 1072 Halmium
1181 1007 1219 1072 ud
1239 1007 1269 1072 h.
1289 1003 1333 1093 1.),

165 1111 195 1175 V
222 1111 295 1194 108,
323 1110 414 1195 174,
436 1110 469 1173 II
493 1112 536 1176 22
565 1111 710 1196 adparet3
743 1133 801 1175 nec
834 1114 939 1174 tamen
974 1105 1086 1172 (licere
1119 1128 1184 1170 non
1217 1106 1334 1170 similia

166 1209 309 1291 exempla
332 1210 475 1294 praebet,
498 1213 535 1272 ut
554 1229 670 1289 ponere
693 1217 855 1288 custodem,
879 1214 1017 1284 iudicem,
1042 1205 1114 1268 ulie.

254 1306 305 1371 Ad
319 1312 487 1391 poetarum
504 1307 760 1391 scriptorumque
776 1308 830 1391 qui
844 1307 917 1371 illos
936 1304 1056 1368 imitati
1072 1306 1146 1368 sunt
1161 1303 1333 1366 dictionem

165 1404 288 1468 accedit
316 1403 401 1487 quod
429 1405 548 1488 legitur
571 1403 652 1468 VIII
675 1405 709 1489 3,
734 1407 751 1469 1
778 1413 871 1485 plane
898 1409 952 1468 ubi
983 1409 1159 1476 delectem
1186 1407 1334 1465 otiolum

165 1523 275 1567 meum
295 1524 353 1568 non
373 1508 478 1580 liabeo,
498 1502 573 1566 ‘wie
593 1502 645 1568 ich
663 1503 749 1568 mein
768 1501 907 1566 Bisclren
926 1499 1035 1564 Muses
1059 1498 1242 1584 angenehm
1265 1521 1335 1563 aus-

164 1599 277 1684 fiille'3
305 1600 426 1685 pariter
455 1601 539 1664 euim
570 1599 699 1684 scripsit
725 1600 848 1664 Plinius
877 1622 924 1684 ep.
949 1599 965 1662 I
993 1600 1049 1681 22,
1074 1599 1093 1663 6
1118 1620 1173 1663 nec
1202 1605 1335 1678 disputa-

166 1703 297 1764 tionibus
320 1705 417 1776 lcnpis
441 1706 571 1762 aliorum
595 1706 686 1763 otium
714 1719 859 1776 suumque
883 1703 1047 1775 delectant,
1077 1696 1226 1760 simililer
1253 1697 1336 1760 idem

167 1819 216 1878 ep.
235 1794 282 1859 IV
306 1797 358 1880 12,
377 1797 398 1860 2
421 1802 604 1862 oblectamus
626 1804 719 1862 otium
742 1802 896 1876 temporis,
925 1795 1065 1878 itemque
1094 1792 1226 1858 Ovidius
1255 1793 1336 1860 trist.

173 1893 203 1958 V
225 1895 273 1977 12,
296 1894 312 1958 1
332 1901 451 1971 seritis,
470 1907 504 1958 ut
521 1901 664 1962 oblectem
682 1901 782 1960 studio
805 1899 995 1958 lacrimabile
1013 1903 1135 1972 tempus,
1155 1895 1187 1954 11
1205 1891 1337 1956 'Pacilus

169 2013 242 2054 ann.
259 1991 322 2056 XII
345 1992 387 2056 49
412 1989 512 2079 (oiim)
537 2000 619 2058 iners
642 2000 734 2058 otium
757 1999 930 2057 oblectaret.

257 2095 342 2155 Dnre
364 2099 494 2170 litterae,
522 2114 581 2176 pro
605 2114 668 2176 quo
696 2091 894 2174 frequentius
919 2090 1035 2153 dicitur
1058 2095 1188 2154 reddere
1211 2094 1337 2165 litteras,

167 2189 266 2252 hebet
296 2186 425 2252 Caelius
445 2188 524 2252 VIII
547 2191 581 2274 2,
610 2191 630 2254 2
658 2198 712 2268 qui
738 2195 793 2254 llas
816 2195 934 2252 litteras
961 2194 1018 2252 tibi
1044 2195 1139 2265 dedit,
1172 2187 1226 2250 sed
1260 2187 1337 2250 ilem

168 2289 268 2354 locuti
297 2291 373 2350 sunt
400 2284 510 2350 (licere
538 2288 606 2370 i'pse
635 2288 673 2351 ad
700 2284 815 2352 AttV
838 2287 872 2371 4,
898 2288 915 2351 1
945 2309 983 2350 ae
1011 2292 1098 2350 binas
1128 2291 1247 2363 quidem
1271 2295 1339 2348 tuas

171 2387 335 2445 Beneuenti
362 2389 480 2460 accepi,
509 2403 640 2459 auarum
667 2394 781 2468 alteras
804 2390 1010 2448 Funisulanus
1037 2391 1128 2447 multo
1156 2387 1340 2464 moriemini

172 2485 257 2544 dedit
283 2482 316 2540 11
342 2475 451 2562 Nepos
479 2478 588 2563 Pelop.
612 2481 646 2562 3,
674 2483 694 2546 2
722 2478 892 2568 (epistula)
921 2503 988 2546 cum
1017 2488 1183 2546 accubanti
1210 2489 1240 2546 in
1268 2503 1337 2546 con·

170 2583 247 2640 oioio
273 2587 349 2639 esset
368 2582 450 2640 data.
487 2577 594 2661 itaque
614 2579 682 2642 sine
702 2581 817 2645 idonee
836 2603 933 2645 ceusu
947 2579 1198 2664 Wesenbergius
1217 2578 1338 2644 emend.

172 2675 226 2740 alt.
246 2697 276 2757 p.
298 2674 337 2739 19
362 2695 420 2756 pro
445 2681 530 2740 dedit
552 2677 649 2740 scribi
673 2680 795 2743 mavult
817 2685 959 2744 reddidit.

259 2771 319 2836 Pro
345 2772 465 2838 usitato
489 2773 545 2837 illo
565 2780 668 2840 dedita
687 2797 790 2856 opera,
814 2776 832 2841 i.
852 2799 877 2841 e.
897 2777 951 2842 ‘de
975 2777 1142 2861 industris,
1165 2774 1339 2860 crinsulto',

175 2869 302 2936 Caelius
332 2871 435 2934 multo
465 2873 586 2936 rariore
617 2894 732 2957 genere
757 2876 908 2960 loquendi
936 2897 1016 2940 usus
1042 2881 1115 2939 data
1138 2895 1233 2953 opera
1258 2872 1339 2937 dixit
1451 2869 1456 2876 ’

172 2969 251 3034 VIII
272 2974 300 3054 1,
320 2972 337 3034 1
359 2977 432 3035 data
451 2993 545 3050 opera
560 2981 683 3051 paraui,
701 2995 783 3057 quse
807 2975 935 3056 quidem
959 2973 1079 3036 locutio
1103 2974 1231 3054 praeter
1254 2970 1339 3035 hunc

171 3069 276 3133 locum
311 3072 400 3132 extat
431 3071 557 3132 tuntum
597 3071 690 3135 modo
726 3071 810 3154 apud
842 3070 982 3134 Plinium
1016 3093 1062 3154 ep.
1091 3068 1153 3134 VII
1183 3070 1223 3134 12
1252 3074 1339 3152 extr,

170 3165 427 3249 Porplryrionem
447 3187 560 3230 comm.
580 3166 612 3229 in
627 3167 742 3232 Horat.
761 3191 790 3250 p.
805 3168 879 3250 237,
899 3166 1011 3251 28111,
1031 3171 1125 3250 atquc
1146 3166 1339 3250 aliquotiens

172 3263 254 3346 apud
280 3261 395 3326 Guium
424 3266 462 3325 et'
478 3262 668 3349 Ulpianum3
696 3264 751 3329 cfr.
775 3263 987 3350 Landgrsfius
1011 3264 1052 3327 ad
1074 3262 1140 3328 Cic.
1163 3284 1222 3346 pro
1247 3263 1339 3330 Rosc.

172 3385 201 3444 p.
222 3359 285 3424 326
311 3363 343 3422 11
365 3358 500 3423 Kalbius
524 3362 557 3424 in
582 3361 761 3426 Woelfflini
784 3363 893 3427 archio
917 3361 1041 3427 lexic.I
1067 3385 1097 3446 p.
1116 3362 1167 3426 83.

267 3462 353 3532 Quod
370 3463 504 3536 pertinet
531 3466 574 3522 ad
604 3460 818 3542 posteriorum
842 3461 1045 3545 potissimum
1076 3460 1267 3544 scriptorum
1292 3468 1341 3526 est

173 3554 410 3639 (Lagcrgreuus
425 3555 445 3618 l.
459 3555 479 3617 l.
493 3578 522 3638 p.
540 3557 612 3634 179,
626 3559 795 3626 Antiberb.
810 3584 833 3624 s.
849 3557 902 3647 v.),
917 3559 970 3624 sed
986 3561 1051 3624 iam
1065 3561 1171 3643 priore
1186 3565 1340 3642 tempore,

173 3652 233 3716 etsi
257 3674 399 3737 perraro,
423 3659 598 3738 comparet,
624 3661 658 3718 ut
686 3656 769 3740 apud
798 3655 985 3722 Ciceronem
1007 3679 1038 3740 p.
1063 3657 1193 3721 Plancio
1219 3659 1236 3721 7
1260 3664 1342 3735 quod

174 3757 217 3814 ad
231 3758 373 3830 populum
389 3757 523 3831 pertinet
542 3754 574 3814 et
593 3750 763 3818 Caesarem
783 3754 813 3818 b.
833 3776 858 3818 c.
877 3754 1028 3838 ΙΠ17,3
1048 3761 1130 3833 quod
1147 3761 1189 3818 ad
1207 3761 1340 3818 indutias

171 3855 348 3927 pertineret.
385 3848 430 3912 sic
464 3849 560 3914 elium
595 3857 675 3934 opud
710 3849 854 3918 Caelium
879 3852 958 3918 VIII
982 3853 1060 3932 8,4
1092 3859 1174 3930 quod
1204 3860 1247 3917 ad
1277 3876 1340 3919 rem

170 3951 325 4026 publicam
344 3952 485 4024 pertinet.

264 4040 428 4106 Sermonis
451 4044 587 4110 forensis
612 4051 687 4112 sunt
709 4049 898 4114 locutiones:
930 4055 1112 4113 calumniam
1136 4055 1243 4113 iurare
1261 4048 1341 4114 VIII

175 4145 204 4224 8,
223 4143 243 4206 3
263 4162 331 4206 cum
346 4148 529 4206 calumniam
544 4150 684 4222 iurasset,
704 4145 848 4211 ‘obwohl
869 4171 902 4210 or
921 4146 1129 4230 geschworen
1148 4148 1248 4230 hatte,
1267 4148 1340 4210 dass

176 4259 209 4298 er
238 4241 327 4302 nicht
350 4260 407 4302 uus
432 4237 592 4304 Schiksue
621 4241 745 4326 klago'3
775 4245 923 4307 similiter
946 4244 1054 4309 Liuius
1077 4244 1219 4308 XXXIII
1242 4246 1283 4308 47
1310 4249 1342 4306 et

177 4331 333 4414 Ulpianus
358 4337 442 4420 digg.
467 4338 522 4419 39,
547 4337 579 4419 2,
607 4340 645 4402 13
670 4345 689 4416 ξ
713 4339 733 4402 3
768 4348 805 4404 de
832 4349 987 4406 calumnia
1015 4351 1138 4418 iurare;
1166 4343 1220 4405 cfr.
1246 4341 1341 4406 Oseu-

177 4432 378 4514 brueggenus
403 4436 441 4498 ud
466 4433 528 4500 (lio.
554 4458 613 4519 pro
638 4436 730 4502 Rosc.
756 4438 825 4502 Am.
850 4439 906 4522 553
931 4461 1027 4522 porro
1051 4446 1234 4503 calumniam
1254 4440 1342 4516 serre

1114 4549 1129 4596 6
