3192 5024
653 336 866 398 „23-

168 497 263 578 cepta
290 502 485 572 maximaque
512 501 597 558 actis
625 501 757 558 traditas
781 505 849 558 erat
873 502 1005 570 triviatim
1036 495 1090 559 sed
1114 496 1199 561 haud
1223 497 1341 580 impro-

168 592 325 656 babiliter
355 590 635 656 Mendelssohnius
663 594 683 656 l.
711 592 730 654 l.
755 592 859 656 deleto
893 599 978 658 nobis
1011 595 1174 676 ceteroqui
1205 592 1342 658 Medicei

169 689 400 754 auctoritatam
429 693 557 753 secutus
581 689 695 754 scribit
717 696 928 768 maximaeque
952 697 1084 754 traditas
1108 701 1176 754 erat
1200 698 1340 756 incidiae.

257 795 330 861 Hoc
354 817 480 880 quoque
504 795 700 860 dubitationi
719 795 812 860 valde
837 796 1013 860 obnoxium
1032 800 1091 878 est,
1114 819 1191 861 num
1211 796 1340 864 (laelius

168 894 286 957 dixerit
303 915 432 973 sperare
445 900 542 957 alicui
559 900 692 971 aliquia
710 915 787 957 nam
801 893 1018 959 incertissima
1031 892 1143 957 Orellii
1157 897 1341 962 coniectura

166 992 283 1055 nititur
312 981 397 1074 quod
422 990 672 1074 Wesenbergius
696 989 776 1054 VIII
795 991 865 1074 5,3
894 991 981 1054 dedit
1009 1013 1098 1070 quara
1125 998 1183 1058 trac
1214 999 1342 1059 Caesari

168 1095 222 1166 qai
243 1109 301 1151 saa
321 1109 417 1152 eausa
436 1109 500 1151 rem
520 1093 675 1167 publicam
694 1108 754 1150 aaa
778 1098 895 1170 careat,
917 1098 1040 1168 sperent
1059 1091 1215 1169 [saperent
1233 1089 1340 1174 Med.],
1390 1088 1392 1094 ’

55 1215 57 1228 ·
168 1207 228 1250 aaa
248 1195 278 1248 te
293 1188 392 1264 sattim
414 1206 473 1268 pro
498 1207 560 1268 quo
579 1184 741 1248 Kahntius
761 1185 930 1268 proposuit
954 1191 1068 1250 Caesar
1087 1193 1176 1272 tique,
1199 1196 1253 1267 qai
1266 1239 1273 1252 .
1288 1239 1294 1251 .
1311 1240 1340 1252 ..

166 1293 299 1362 spereat,
318 1281 599 1347 Mendelssohnius
618 1284 639 1348 l.
657 1283 676 1346 l.
695 1305 725 1365 p.
746 1281 788 1345 65
807 1297 897 1363 qaam
915 1289 973 1348 baa
995 1289 1123 1348 Caesari
1140 1334 1147 1349 .
1163 1333 1170 1350 .
1186 1336 1192 1349 .
1208 1337 1214 1349 .
1232 1309 1339 1367 sappe-

168 1387 264 1445 ditent
287 1403 312 1444 e.
332 1403 361 1465 q.
381 1403 404 1445 s.

600 1530 628 1596 d.
659 1531 702 1594 de
726 1531 908 1598 ablatIvo

255 1654 387 1748 Initium
415 1655 533 1719 faciam
561 1677 581 1718 a
603 1655 689 1739 laco,
717 1655 756 1719 de
785 1678 846 1739 quo
870 1657 1061 1742 ambigitur,
1090 1680 1167 1723 num
1195 1645 1281 1723 recte
1306 1682 1370 1750 se·

165 1754 297 1837 habeat,
321 1751 402 1817 VIII
423 1754 452 1837 6,
471 1755 492 1817 4
515 1761 543 1817 st
562 1759 672 1818 Parthi
693 1777 744 1819 aas
767 1760 845 1819 nibil
865 1761 1031 1833 catfiaiaat,
1055 1777 1108 1820 aas
1127 1762 1177 1820 bic
1192 1760 1341 1836 srtpore

162 1855 424 1931 [ripescimam
447 1853 493 1915 ita
517 1852 673 1934 scriptum
697 1855 747 1916 est
769 1852 803 1915 in
828 1851 980 1936 Mediceo,
1003 1852 1065 1916 nisi
1090 1854 1175 1936 quod
1199 1876 1256 1937 pro
1280 1861 1339 1933 bia,

163 1949 251 2034 quod
280 1971 318 2012 ex
347 1949 542 2013 editionibus
571 1951 734 2015 veteribus
763 1953 953 2032 receperunt
980 1949 1120 2014 Orellius
1150 1954 1183 2015 et
1205 1950 1338 2015 Weseu-
1462 1965 1467 1970 '

166 2048 296 2132 bergina
325 2044 396 2132 (cfr.
421 2048 543 2113 emend.
571 2071 601 2130 p.
628 2046 691 2111 102
715 2046 821 2130 extr),
851 2047 934 2111 falso
967 2047 1140 2130 repetitum
1174 2051 1224 2112 est
1255 2056 1338 2113 attrit.

165 2145 221 2208 sed
245 2144 397 2228 editores,
426 2166 497 2209 cum
522 2144 667 2209 ablativo
691 2144 906 2229 etymologica
936 2142 980 2230 (si
1002 2146 1049 2208 ita
1072 2146 1212 2210 breviter
1235 2147 1338 2211 dicere

164 2243 241 2308 licet
268 2242 408 2328 liguram
436 2243 686 2328 etymologicam
715 2241 857 2306 ablativo
886 2239 1073 2328 formatam)
1094 2246 1216 2322 sripore
1240 2245 1337 2324 tripe-

166 2347 277 2404 saimas
309 2341 399 2406 nullo
434 2341 592 2405 attributo
627 2341 665 2404 ad
704 2339 883 2403 ablativum
921 2341 1090 2404 accedente
1123 2340 1337 2424 tautologiam

167 2437 318 2503 vitiosam
338 2437 423 2502 effici
445 2441 607 2522 putarent,
631 2438 811 2501 mutatione
830 2458 907 2500 sane
926 2436 1083 2502 facillima
1098 2441 1221 2517 sripore
1243 2446 1337 2516 ripes-

165 2543 261 2600 cimas
294 2536 451 2600 dederunt
479 2533 550 2621 (cfr.
574 2533 726 2598 Wesenb.
750 2536 769 2597 l.
789 2535 807 2597 l.
832 2557 862 2617 p.
884 2531 975 2621 102),
1006 2540 1038 2598 et
1068 2539 1154 2599 certe
1186 2533 1337 2600 usitatius

165 2634 408 2719 elegantiusque
439 2633 485 2697 sio
512 2632 697 2716 scripsisset
721 2630 862 2715 Caelius;
891 2632 947 2697 sed
969 2635 1092 2716 tamen,
1120 2633 1148 2696 si
1171 2634 1210 2697 ad
1235 2653 1337 2718 genus

166 2733 233 2796 eius
257 2730 409 2817 loquendi
438 2730 648 2813 attendimus,
676 2729 763 2794 haud
786 2730 852 2794 scio
876 2753 919 2794 an
943 2730 1018 2794 ferri
1049 2731 1154 2813 possit
1178 2731 1338 2815 scriptura

120 2894 123 2899 .
164 2830 310 2894 Medicei.
355 2829 463 2913 potuit
495 2829 582 2892 enirn
606 2828 672 2912 ille,
700 2831 737 2891 ut
765 2831 834 2892 erat
861 2829 1006 2893 iocorum
1035 2829 1210 2913 studiosus,
1240 2831 1339 2894 verba

160 2929 265 3006 sripas
294 2931 327 2992 et
351 2930 524 3007 tripescere
553 2923 724 3007 duplicIter
751 2926 832 2990 velle
860 2927 976 3010 accipi,
1004 2926 1084 2989 illud
1113 2927 1270 2990 translate
1299 2927 1337 2990 de

164 3026 304 3110 segnitia
324 3026 534 3110 socordiaque
554 3045 674 3107 eorum,
698 3023 753 3106 qui
773 3022 807 3084 in
830 3044 864 3086 re
883 3023 1013 3106 publica
1032 3024 1252 3107 versabantur,
1276 3024 1338 3088 hoc

163 3123 294 3206 proprie
313 3122 351 3186 de
376 3123 492 3187 affectu
516 3121 672 3204 corporis:
696 3119 801 3184 ‘wcnn
822 3119 849 3183 d.
869 3119 1009 3183 Parther
1028 3121 1106 3184 euch
1126 3120 1217 3184 nicht
1235 3144 1336 3186 warin

165 3220 309 3303 maehen,
332 3242 369 3285 so
388 3220 534 3284 erkiilten
554 3219 613 3283 wir
632 3240 693 3282 uns
712 3219 784 3283 hier
801 3217 887 3282 noch
908 3238 966 3280 vor
989 3216 1105 3280 Kitlte'.
1142 3240 1202 3282 nec
1221 3218 1338 3284 desunt

168 3315 285 3381 similia
299 3339 371 3381 cum
388 3317 471 3401 apud
483 3316 564 3386 alios
580 3317 763 3400 scriptores„
778 3337 817 3378 ex
832 3314 948 3398 quibus
960 3317 1175 3379 enotaverunt
1189 3318 1337 3401 exempla

169 3411 369 3480 Lehmamms
395 3413 525 3489 Quaest.
549 3413 630 3477 Tull.
651 3437 680 3497 p.
701 3415 743 3477 86
767 3416 800 3478 et
822 3411 1035 3496 Landgrafius
1060 3413 1165 3478 annal.
1190 3435 1336 3498 gymnas.

166 3509 282 3576 Bavar.
298 3515 356 3578 vol.
371 3512 483 3577 XXIII
503 3536 532 3596 p.
548 3513 601 3596 32,
620 3513 708 3578 velut
721 3511 829 3577 Vatin.
846 3509 931 3593 apud
947 3507 1012 3574 Cic.
1031 3510 1071 3573 ad
1086 3510 1161 3576 farn.
1176 3509 1205 3574 V
1224 3513 1264 3575 10
1274 3535 1300 3595 a,
1319 3514 1335 3576 1

165 3631 211 3674 me
243 3613 346 3689 sripas
381 3617 670 3674 Dalmaticum...
700 3617 790 3676 etiam
804 3667 806 3669 .
822 3614 872 3672 tric
904 3610 1116 3687 refrtperaait,
1149 3610 1218 3672 tum
1252 3609 1336 3692 apud

165 3705 308 3772 Caelium
332 3710 453 3793 ipsum,
477 3708 515 3772 de
539 3730 602 3792 quo
625 3707 711 3772 infra
734 3731 758 3772 c.
778 3705 825 3770 IV
848 3707 998 3772 dicemus.

251 3813 303 3878 Ex
321 3825 469 3879 sermone
484 3815 609 3898 plebeio
629 3814 769 3898 sumpsit
782 3811 911 3878 Caelius
927 3835 1021 3876 usum
1036 3813 1170 3886 ablativi
1189 3815 1335 3896 gerundii

161 3915 200 3978 de
225 3912 357 3996 agendi·
372 3913 478 3977 modo·
496 3913 595 3996 poelt-i
617 3912 698 3977 VIII
721 3911 807 3996 15‚·1
833 3907 888 3990 qai
984 3917 1092 3975 bellura
1115 3917 1335 3978 ambulando

161 4014 363 4090 confecerant
382 4015 416 4074 et
433 4010 507 4075 ibid.
531 4011 581 4092 16,
599 4013 620 4074 4
639 4016 722 4090 qaod
739 4023 770 4074 ta
790 4031 849 4074 aaa
873 4015 1027 4073 dicenda
1046 4014 1121 4071 mitri
1137 4014 1336 4086 sipaifiaasti;

163 4130 239 4172 nam
258 4108 307 4172 ita
327 4106 508 4191 Sallustius,
527 4111 639 4172 auctor
657 4107 733 4173 bell.
746 4105 848 4191 Hisp,
867 4106 1035 4170 Vitruvius
1054 4107 1149 4188 atque
1168 4105 1201 4169 in
1220 4106 1334 4190 primis

165 4206 361 4286 posteriores
399 4206 571 4289 scriptores
606 4206 707 4270 locuti
745 4208 832 4290 sunt3
865 4203 920 4268 cfr.
954 4203 1134 4268 Koehlerus
1167 4206 1225 4266 act.
1258 4225 1333 4268 sem.

165 4301 296 4387 Erlang.
314 4303 331 4366 I
350 4325 380 4386 p.
400 4304 466 4367 402
490 4307 522 4366 et
546 4299 744 4368 Schmalzius
768 4305 853 4386 synt.
873 4326 902 4386 p.
922 4301 997 4385 278,
1020 4304 1039 4381 ξ
1059 4301 1102 4365 93
1127 4300 1198 4363 adn.
1218 4302 1247 4364 2.

257 4399 399 4464 Ablativi
414 4407 570 4480 qualitatis
584 4401 716 4465 liberius
736 4400 840 4484 positi
850 4399 993 4465 notabile
1010 4398 1190 4482 exemplum
1208 4399 1334 4482 legitur,
