3192 5024
735 320 951 384 ...36..

350 478 455 546 Rarus
475 484 583 566 atque,
607 485 643 546 ut
661 479 798 564 videtur,
821 479 991 546 familiaris
1015 484 1065 546 est
1086 503 1246 566 ususque
1267 482 1365 548 verba
1384 483 1435 550 uel

261 579 439 644 locutiones
458 579 683 644 intransitivae
703 579 829 662 generis
850 580 1179 663 activipersonalitcr
1194 603 1266 646 cum
1286 582 1434 646 nomina-

260 679 327 742 tivo
357 682 389 742 et
417 677 577 743 infinitivo
606 678 860 760 coniunguntur,
889 681 926 742 ut
949 679 1033 760 apud
1057 678 1203 742 Caelium
1227 678 1309 742 VIII
1335 680 1390 763 10,
1414 680 1435 742 2

261 784 322 839 nisi
348 782 489 840 Deiotari
515 774 673 862 (litterae)
697 782 877 840 subsecutae
909 789 1019 855 essent,
1053 784 1088 841 in
1121 799 1197 840 cam
1229 784 1436 858 opinionem

265 879 386 939 Cassius
413 880 585 939 ueniebat
593 872 617 960 ¹)
642 924 649 937 .
676 923 683 938 .
709 924 715 936 .
741 881 896 951 pnsum
923 881 1031 939 bellum
1059 885 1088 938 et
1111 879 1232 939 Arabas
1256 883 1286 938 iu
1310 882 1434 954 prouin-

261 979 341 1036 ciam
365 979 512 1036 inmisisse
541 993 649 1050 eosque
672 977 804 1036 Parthos
828 995 891 1037 esse
918 980 1041 1038 senatui
1062 979 1272 1047 renuntiasse;
1296 974 1435 1036 similem

261 1073 457 1134 structuram
482 1069 697 1135 adhibuerunt
717 1068 829 1134 Cicero
850 1070 941 1138 Verr.
959 1069 1007 1135 IV
1027 1071 1070 1134 30
1096 1092 1164 1134 cum
1184 1078 1214 1136 in
1233 1078 1434 1150 suspicionem

260 1175 410 1232 venisseut
433 1175 583 1248 expilasse
603 1171 712 1247 sonum
736 1173 895 1253 Apollinis,
923 1167 1095 1233 Dolabella
1119 1191 1169 1252 ap.
1197 1167 1261 1234 Cic.
1293 1169 1333 1232 ad
1358 1169 1434 1236 fam.

260 1265 396 1348 1X9,1
422 1273 479 1329 etsi
501 1273 582 1330 nullo
606 1277 739 1347 tempore
762 1274 793 1332 in
816 1273 1016 1346 suspicionem
1040 1272 1096 1330 tibi
1119 1273 1211 1332 debui
1233 1274 1338 1332 uenire
1358 1289 1432 1347 par-

260 1372 334 1428 tium
358 1385 454 1428 causa
474 1371 576 1444 potius
595 1386 685 1443 quam
705 1375 758 1428 tua
777 1370 833 1428 libi
849 1371 990 1446 suadere,
1009 1364 1164 1430 Lentulus
1184 1366 1205 1429 l.
1224 1367 1243 1428 1.
1262 1366 1326 1430 XII
1348 1366 1433 1449 15‚5

260 1470 458 1541 mapistralus
469 1467 628 1526 veniebant
642 1469 674 1526 in
688 1469 889 1542 suspicionem
904 1469 1067 1528 detinuisse
1081 1485 1152 1537 nos;
1166 1463 1223 1526 cfr.
1234 1460 1434 1528 Schmalzius

262 1560 368 1624 annal.
392 1560 547 1643 gymnas.¹
562 1558 668 1624 Berol.
692 1560 711 1624 l.
736 1560 756 1623 1.
780 1581 811 1641 p.
838 1559 902 1624 135
925 1562 958 1622 et
982 1562 1064 1641 synt.
1088 1582 1117 1642 p.
1142 1559 1206 1624 329
1231 1583 1270 1643 s.;
1300 1560 1355 1643 qui
1379 1581 1436 1624 cur

262 1657 363 1722 Caelii
386 1659 491 1722 locum
512 1657 709 1722 dubitationi
734 1657 908 1722 obnoxium
932 1678 1002 1721 esse
1026 1657 1184 1740 opinetur,
1203 1656 1351 1740 equidem
1369 1673 1435 1722 non

262 1756 409 1840 dispicio,
434 1778 510 1820 nam
534 1760 663 1839 praeter
686 1755 766 1819 illud
794 1755 907 1820 leviter
930 1758 1117 1839 corruptum
1136 1763 1238 1820 ueniat
1257 1778 1315 1838 pro
1336 1762 1434 1820 uenie-

260 1862 313 1919 bat
334 1855 416 1920 nihil
441 1855 582 1938 suspecti
605 1855 640 1918 in
664 1877 701 1919 eo
726 1855 820 1918 inest.

351 1952 505 2017 Notabile
529 1955 578 2016 est
602 1950 746 2016 (laelium
766 1949 848 2014 VIII
875 1952 967 2035 10,2
991 1958 1125 2028 noneste,
1153 1959 1216 2017 siue
1243 1959 1433 2030 neplepentio

259 2059 322 2114 siae
354 2056 466 2114 inertia
503 2060 547 2113 est
580 2055 642 2112 siue
674 2056 723 2113 ille
752 2071 839 2127 quem
868 2057 1018 2129 proposui
1045 2059 1152 2127 metus,
1186 2057 1259 2114 latet
1290 2055 1344 2114 suo
1373 2055 1433 2112 lunc

260 2152 479 2226 temperantiae
502 2151 725 2209 existimatione
752 2155 831 2210 nolle
854 2142 911 2230 (sc.
935 2168 1004 2228 eos,
1028 2147 1048 2212 i.
1071 2168 1096 2210 e.
1121 2143 1285 2232 eonsules)
1306 2154 1432 2226 prouin-

259 2254 340 2310 ciam
364 2243 560 2308 sententiam
583 2243 742 2307 infinitam
766 2252 845 2308 uolle
860 2251 1050 2324 prouinciam
1070 2247 1106 2308 ut
1125 2244 1362 2328 appositionem
1381 2246 1432 2309 vel

259 2343 449 2427 epexegesin
475 2342 513 2406 ad
538 2341 636 2406 verba
663 2347 732 2406 luae
760 2350 980 2424 temperantiae
1003 2349 1225 2407 existimatione
1249 2343 1432 2408 adiunxisse

259 2443 320 2506 hac
340 2441 513 2506 sententia:
542 2439 690 2504 ‘honeste
709 2441 856 2506 latet...
873 2442 932 2506 sub
951 2463 1000 2525 ee,
1018 2441 1104 2525 quod
1123 2441 1164 2504 ob
1177 2441 1432 2524 temperantiam

258 2541 458 2624 provinciam
476 2539 561 2602 nolle
581 2538 824 2603 existimantur’
839 2537 911 2626 (cfr.
927 2541 1025 2604 etiam
1040 2539 1293 2622 Wesenbergius
1309 2541 1431 2606 emend.

257 2662 288 2722 p.
311 2634 403 2722 110);
426 2659 483 2700 nec
507 2636 623 2700 desunt
647 2636 774 2720 similia,
793 2639 882 2702 velut
902 2637 986 2720 apud
1007 2634 1194 2728 Ciceronem
1214 2644 1293 2702 orat.
1309 2638 1390 2720 112,
1411 2639 1428 2701 1

260 2744 324 2799 illo
348 2742 449 2815 opinio
468 2785 475 2800 .
495 2784 502 2796 .
522 2784 529 2798 .
548 2741 678 2798 alterum
701 2756 761 2799 uon
785 2742 997 2822 doctissimum,
1021 2743 1150 2799 alteram
1165 2742 1258 2814 plane
1277 2743 1431 2800 indoctum

257 2838 366 2913 fuisse,
399 2833 440 2896 ad
472 2832 550 2896 fam.
578 2829 642 2894 VII
672 2832 705 2912 l,
734 2832 754 2895 3
782 2839 883 2911 opinio
916 2838 1064 2898 eiusmodi
1098 2853 1162 2894 esse
1193 2839 1347 2909 quandam
1386 2839 1432 2898 ill'

261 2939 367 2996 beluac
386 2951 454 2994 cum
466 2951 580 3008 penore
593 2934 726 2994 numano
743 2937 930 3009 societatem,
950 2931 1014 2996 alia
1029 2951 1110 3023 quae
1129 2929 1263 3012 collegit
1278 2929 1428 3014 Naegels-

260 3028 394 3094 bachius
418 3026 500 3091 ‘Lat
520 3023 647 3092 Stilist'
670 3049 700 3110 p.
721 3027 786 3092 604
805 3050 829 3092 s,
849 3028 923 3092 edit.
942 3027 1007 3091 VII
1026 3031 1059 3090 et
1078 3025 1112 3090 O.
1132 3026 1165 3090 F.
1186 3025 1237 3090 VV.
1256 3025 1430 3092 Muellerus

259 3129 300 3193 ad
324 3125 390 3193 Cic.
408 3127 446 3191 de
469 3126 552 3191 ulfic.
570 3149 600 3209 p.
619 3126 672 3208 28,
691 3125 724 3190 6.

347 3225 531 3290 Infinitivus
553 3223 728 3289 historicus
748 3224 846 3288 semel
864 3224 983 3308 legitur
1000 3223 1034 3287 in
1054 3224 1201 3288 oratione
1220 3223 1327 3288 vivida
1347 3223 1429 3290 VIII

258 3325 295 3405 4,
319 3325 339 3386 3
363 3330 434 3388 inae
456 3328 585 3388 Hirrum
608 3329 713 3386 cuncti
735 3329 795 3386 iam
824 3343 884 3386 non
904 3324 1082 3400 faciendum
1101 3328 1265 3399 slapitore;
1293 3343 1330 3384 ex
1360 3344 1429 3386 ora·

257 3421 399 3485 tionibus
420 3419 521 3484 Caelii
540 3421 721 3502 exemplum
740 3419 846 3483 adfert
864 3419 1081 3494 Quintilianus
1098 3417 1177 3481 VIII
1196 3419 1225 3502 6,
1244 3421 1281 3482 21
1306 3431 1429 3499 stupere

254 3525 371 3596 paucio
388 3523 542 3592 craesus
560 3518 607 3582 ita
628 3517 713 3582 enim
732 3518 821 3582 locus
837 3517 1050 3600 accipiendus,
1069 3538 1144 3597 non,
1163 3521 1199 3578 ut
1220 3517 1288 3579 vult
1303 3516 1428 3592 Quinti-

256 3616 372 3700 lianus,
392 3623 489 3695 coepit
509 3615 701 3679 audiendum
721 3619 780 3680 est.
809 3621 950 3680 ceterum
970 3637 989 3678 a
1008 3636 1082 3678 vero
1103 3615 1270 3678 aberrasse
1286 3614 1427 3701 Draege-

256 3737 328 3778 rum
347 3715 362 3779 Ι
382 3737 412 3796 p.
431 3714 495 3778 329
520 3735 592 3777 cum
616 3735 716 3796 eoque
740 3713 969 3797 Landgrafium
994 3711 1034 3776 ad
1058 3709 1122 3774 Cic.
1142 3732 1171 3792 p.
1190 3709 1283 3776 Rosc.
1303 3734 1333 3794 p.
1356 3713 1427 3791 190,

256 3814 311 3897 qui
340 3835 415 3878 raro
439 3811 587 3896 singulos
610 3811 788 3876 infinitivus
815 3810 1001 3892 historicos,
1031 3813 1067 3871 ut
1095 3808 1129 3872 in
1162 3809 1233 3872 loco
1263 3808 1427 3895 (laeliano,

254 3911 332 3994 poni
355 3909 558 3988 centendunt,
582 3909 698 3974 docent
716 3911 861 3993 exempla
880 3931 899 3972 a
918 3907 955 3973 G.
974 3905 1102 3970 Mohrio
1122 3905 1173 3968 ‘de
1194 3907 1281 3970 infin.
1300 3907 1425 3972 histor?

252 4008 327 4073 diss.
347 4008 420 4072 Hal.
440 4009 535 4091 1818,
559 4031 589 4091 p.
609 4008 650 4071 13
671 4030 694 4070 s.
718 4006 860 4072 collecta.

338 4105 378 4169 In
401 4106 634 4170 exclamatione
658 4105 755 4168 habet
774 4103 903 4168 (laelius
927 4101 1145 4167 accusativum
1166 4124 1237 4165 cum
1263 4102 1423 4167 infinitivo

249 4205 458 4268 coniunctum
483 4203 677 4288 adsurgente
702 4203 849 4267 oratione
869 4198 948 4264 VllI
978 4202 1032 4282 17,
1059 4203 1073 4262 1
1105 4220 1179 4275 erpo
1202 4219 1248 4260 me
1268 4205 1369 4277 potius
1393 4207 1423 4263 in

322 4419 346 4481 1)
366 4412 430 4468 vide
449 4428 522 4481 quae
541 4409 660 4466 diximus
680 4429 706 4479 p.
727 4418 769 4466 33.
